<?xml version="1.0" encoding="UTF-8"?>
<OAI-PMH xmlns="http://www.openarchives.org/OAI/2.0/" 
         xmlns:xsi="http://www.w3.org/2001/XMLSchema-instance"
         xsi:schemaLocation="http://www.openarchives.org/OAI/2.0/
         http://www.openarchives.org/OAI/2.0/OAI-PMH.xsd">
 <responseDate>2022-12-16</responseDate> 
  <request verb="ListRecords" from=""
    metadataPrefix="marc21"
    set="RESHARE">
    http://cat.libraries.psu.edu/uhtbin/OAI-script.pl</request>
 <ListRecords>
   <record> 
    <header>
      <identifier>oai:cat.libraries.psu.edu:1455397</identifier> 
      <datestamp>2022-12-16</datestamp>
      <setSpec>MICROFORM</setSpec> 
    </header>
    <metadata>
      <record xmlns="http://www.loc.gov/MARC21/slim" xsi:schemaLocation="http://www.loc.gov/MARC21/slim http://www.loc.gov/standards/marcxml/schema/MARC21slim.xsd" type="Bibliographic">
         <leader>     nam  22      a 4500</leader>
         <controlfield tag="008">950807s1989    xxua     b   f000 0 eng d</controlfield>
            <datafield tag="035" ind1=" " ind2=" ">
               <subfield code="a">LIAS1736858</subfield>
            </datafield>
            <datafield tag="035" ind1=" " ind2=" ">
               <subfield code="a">(OCoLC)23271204</subfield>
            </datafield>
            <datafield tag="245" ind1="0" ind2="0">
               <subfield code="a">Procedures for applying city specific EKMA /</subfield>
               <subfield code="c">U.S. Environmental Protection Agency.</subfield>
            </datafield>
            <datafield tag="264" ind1=" " ind2="1">
               <subfield code="a">Research Triangle Park, N.C. :</subfield>
               <subfield code="b">U.S. Environmental Protection Agency,</subfield>
               <subfield code="c">1989.</subfield>
            </datafield>
            <datafield tag="264" ind1=" " ind2="2">
               <subfield code="a">Springfield, VA :</subfield>
               <subfield code="b">Distributed by National Technical Information Service.</subfield>
            </datafield>
            <datafield tag="300" ind1=" " ind2=" ">
               <subfield code="a">116 pages in various pagings :</subfield>
               <subfield code="b">illustrations ;</subfield>
               <subfield code="c">28 cm</subfield>
            </datafield>
            <datafield tag="500" ind1=" " ind2=" ">
               <subfield code="a">&quot;Office of Air Quality Planning and Standards.&quot;</subfield>
            </datafield>
            <datafield tag="500" ind1=" " ind2=" ">
               <subfield code="a">&quot;Office of Air and Radiation.&quot;</subfield>
            </datafield>
            <datafield tag="500" ind1=" " ind2=" ">
               <subfield code="a">&quot;EPA-450/4-89-012.&quot;</subfield>
            </datafield>
            <datafield tag="500" ind1=" " ind2=" ">
               <subfield code="a">&quot;July 1989.&quot;</subfield>
            </datafield>
            <datafield tag="504" ind1=" " ind2=" ">
               <subfield code="a">Bibliography: pages 55-59.</subfield>
            </datafield>
            <datafield tag="650" ind1=" " ind2="0">
               <subfield code="a">Ozone.</subfield>
            </datafield>
            <datafield tag="650" ind1=" " ind2="0">
               <subfield code="a">Air quality</subfield>
               <subfield code="x">Computer simulation.</subfield>
            </datafield>
            <datafield tag="650" ind1=" " ind2="0">
               <subfield code="a">Air</subfield>
               <subfield code="x">Pollution</subfield>
               <subfield code="x">Computer simulation.</subfield>
            </datafield>
            <datafield tag="710" ind1="1" ind2=" ">
               <subfield code="a">United States.</subfield>
               <subfield code="b">Environmental Protection Agency.</subfield>
               <subfield code="b">Office of Air Quality Planning and Standards.</subfield>
            </datafield>
            <datafield tag="710" ind1="1" ind2=" ">
               <subfield code="a">United States.</subfield>
               <subfield code="b">Environmental Protection Agency.</subfield>
               <subfield code="b">Office of Air and Radiation.</subfield>
            </datafield>
            <datafield tag="740" ind1="0" ind2=" ">
               <subfield code="a">Empirical Kinetic Modeling Approach.</subfield>
            </datafield>
            <datafield tag="037" ind1=" " ind2=" ">
               <subfield code="a">PB90-256777</subfield>
               <subfield code="b">National Technical Information Service</subfield>
               <subfield code="f">paper copy</subfield>
               <subfield code="c">$27.00</subfield>
            </datafield>
            <datafield tag="533" ind1=" " ind2=" ">
               <subfield code="a">Photocopy.</subfield>
               <subfield code="b">Springfield, VA :</subfield>
               <subfield code="c">National Technical Information Service,</subfield>
               <subfield code="d">1994.</subfield>
               <subfield code="e">28 cm.</subfield>
            </datafield>
            <datafield tag="999" ind1=" " ind2=" ">
               <subfield code="a">EP 4.2:EM 7/25</subfield>
               <subfield code="w">SUDOC</subfield>
               <subfield code="c">1</subfield>
               <subfield code="i">1455397-1001</subfield>
               <subfield code="d">8/7/1995</subfield>
               <subfield code="l">DOC-US</subfield>
               <subfield code="m">UP-PAT</subfield>
               <subfield code="r">Y</subfield>
               <subfield code="s">Y</subfield>
               <subfield code="t">MICROFORM</subfield>
               <subfield code="u">4/13/2001</subfield>
            </datafield>
      </record>
    </metadata>
  </record>