
   <record> 
    <header>
      <identifier>oai:cat.libraries.psu.edu:145540</identifier> 
      <datestamp>2022-12-16</datestamp>
      <setSpec>MICROFORM</setSpec> 
      <setSpec>THESIS-D</setSpec> 
    </header>
    <metadata>
      <record xmlns="http://www.loc.gov/MARC21/slim" xsi:schemaLocation="http://www.loc.gov/MARC21/slim http://www.loc.gov/standards/marcxml/schema/MARC21slim.xsd" type="Bibliographic">
         <leader>     nam  22      a 4500</leader>
         <controlfield tag="008">801118s1973    xx            000 0 eng d</controlfield>
            <datafield tag="035" ind1=" " ind2=" ">
               <subfield code="a">LIAS129597</subfield>
            </datafield>
            <datafield tag="100" ind1="1" ind2=" ">
               <subfield code="a">Cordeiro, Aloysius Anthony,</subfield>
               <subfield code="d">1938-</subfield>
            </datafield>
            <datafield tag="245" ind1="1" ind2="0">
               <subfield code="a">Computer simulation studies of methane combustion in lean premixed methane-oxygen flames and the effect of electric fields on these flames.</subfield>
            </datafield>
            <datafield tag="264" ind1=" " ind2="1">
               <subfield code="a">[Place of publication not identified] :</subfield>
               <subfield code="b">[publisher not identified],</subfield>
               <subfield code="c">1973.</subfield>
            </datafield>
            <datafield tag="300" ind1=" " ind2=" ">
               <subfield code="a">135 leaves.</subfield>
            </datafield>
            <datafield tag="502" ind1=" " ind2=" ">
               <subfield code="b">Ph.D.</subfield>
               <subfield code="c">Pennsylvania State University.</subfield>
            </datafield>
            <datafield tag="699" ind1=" " ind2=" ">
               <subfield code="a">Fuel science.</subfield>
            </datafield>
            <datafield tag="999" ind1=" " ind2=" ">
               <subfield code="a">Thesis 1973dCorde,AA</subfield>
               <subfield code="w">ASIS</subfield>
               <subfield code="c">1</subfield>
               <subfield code="i">000008467591</subfield>
               <subfield code="d">10/12/1994</subfield>
               <subfield code="e">6/26/1984</subfield>
               <subfield code="l">CATO-2</subfield>
               <subfield code="m">UP-ANNEX</subfield>
               <subfield code="r">Y</subfield>
               <subfield code="s">Y</subfield>
               <subfield code="t">THESIS-D</subfield>
               <subfield code="u">4/12/2001</subfield>
               <subfield code="z">6675</subfield>
            </datafield>
            <datafield tag="999" ind1=" " ind2=" ">
               <subfield code="a">Microfilm Cd724</subfield>
               <subfield code="w">ASIS</subfield>
               <subfield code="c">1</subfield>
               <subfield code="i">000050862917</subfield>
               <subfield code="d">10/12/1994</subfield>
               <subfield code="l">CATO-PARK</subfield>
               <subfield code="m">UP-ANNEX</subfield>
               <subfield code="r">Y</subfield>
               <subfield code="s">Y</subfield>
               <subfield code="t">MICROFORM</subfield>
               <subfield code="u">4/12/2001</subfield>
            </datafield>
      </record>
    </metadata>
  </record>