
   <record> 
    <header>
      <identifier>oai:cat.libraries.psu.edu:1455400</identifier> 
      <datestamp>2022-12-16</datestamp>
      <setSpec>BOOK</setSpec> 
    </header>
    <metadata>
      <record xmlns="http://www.loc.gov/MARC21/slim" xsi:schemaLocation="http://www.loc.gov/MARC21/slim http://www.loc.gov/standards/marcxml/schema/MARC21slim.xsd" type="Bibliographic">
         <leader>     nam  22      a 4500</leader>
         <controlfield tag="008">980520s1996    xx       b    000 0 eng d</controlfield>
            <datafield tag="020" ind1=" " ind2=" ">
               <subfield code="a">8787062550 (pbk.)</subfield>
            </datafield>
            <datafield tag="035" ind1=" " ind2=" ">
               <subfield code="a">LIAS2053371</subfield>
            </datafield>
            <datafield tag="035" ind1=" " ind2=" ">
               <subfield code="a">(OCoLC)35699358</subfield>
            </datafield>
            <datafield tag="050" ind1="1" ind2="4">
               <subfield code="a">BP605.O88</subfield>
               <subfield code="b">R43 1996</subfield>
            </datafield>
            <datafield tag="100" ind1="1" ind2=" ">
               <subfield code="a">Reader, Ian,</subfield>
               <subfield code="d">1949-</subfield>
            </datafield>
            <datafield tag="245" ind1="1" ind2="2">
               <subfield code="a">A poisonous cocktail? :</subfield>
               <subfield code="b">Aum Shinrikyō's path to violence /</subfield>
               <subfield code="c">Ian Reader.</subfield>
            </datafield>
            <datafield tag="264" ind1=" " ind2="1">
               <subfield code="a">Copenhagen, Denmark :</subfield>
               <subfield code="b">NIAS Books,</subfield>
               <subfield code="c">1996.</subfield>
            </datafield>
            <datafield tag="300" ind1=" " ind2=" ">
               <subfield code="a">116 pages ;</subfield>
               <subfield code="c">21 cm</subfield>
            </datafield>
            <datafield tag="504" ind1=" " ind2=" ">
               <subfield code="a">Includes bibliographical references (pages 113-116).</subfield>
            </datafield>
            <datafield tag="610" ind1="2" ind2="0">
               <subfield code="a">Oumu Shinrikyō (Religious organization)</subfield>
            </datafield>
            <datafield tag="650" ind1=" " ind2="0">
               <subfield code="a">Cults</subfield>
               <subfield code="z">Japan.</subfield>
            </datafield>
            <datafield tag="650" ind1=" " ind2="0">
               <subfield code="a">Terrorism</subfield>
               <subfield code="z">Japan.</subfield>
            </datafield>
            <datafield tag="650" ind1=" " ind2="0">
               <subfield code="a">Terrorism</subfield>
               <subfield code="x">Religious aspects</subfield>
               <subfield code="x">Oumu Shinrikyō (Religious organization)</subfield>
            </datafield>
            <datafield tag="651" ind1=" " ind2="0">
               <subfield code="a">Japan</subfield>
               <subfield code="x">Religion</subfield>
               <subfield code="y">20th century.</subfield>
            </datafield>
            <datafield tag="710" ind1="2" ind2=" ">
               <subfield code="a">Nordic Institute of Asian Studies.</subfield>
            </datafield>
            <datafield tag="999" ind1=" " ind2=" ">
               <subfield code="a">BP605.O88R43 1996</subfield>
               <subfield code="w">LC</subfield>
               <subfield code="c">1</subfield>
               <subfield code="i">000032503241</subfield>
               <subfield code="d">4/28/2014</subfield>
               <subfield code="e">4/14/2014</subfield>
               <subfield code="l">PATTEE-BA</subfield>
               <subfield code="m">UP-PAT</subfield>
               <subfield code="n">15</subfield>
               <subfield code="r">Y</subfield>
               <subfield code="s">Y</subfield>
               <subfield code="t">BOOK</subfield>
               <subfield code="u">4/13/2001</subfield>
            </datafield>
      </record>
    </metadata>
  </record>