
   <record> 
    <header>
      <identifier>oai:cat.libraries.psu.edu:1455403</identifier> 
      <datestamp>2022-12-16</datestamp>
      <setSpec>BOOK</setSpec> 
    </header>
    <metadata>
      <record xmlns="http://www.loc.gov/MARC21/slim" xsi:schemaLocation="http://www.loc.gov/MARC21/slim http://www.loc.gov/standards/marcxml/schema/MARC21slim.xsd" type="Bibliographic">
         <leader>     nam  22      a 4500</leader>
         <controlfield tag="008">960118s1995    xxua     b    000 0 eng d</controlfield>
            <datafield tag="010" ind1=" " ind2=" ">
               <subfield code="a">   94033260</subfield>
            </datafield>
            <datafield tag="020" ind1=" " ind2=" ">
               <subfield code="a">0275950387 (alk. paper)</subfield>
            </datafield>
            <datafield tag="035" ind1=" " ind2=" ">
               <subfield code="a">LIAS1893390</subfield>
            </datafield>
            <datafield tag="035" ind1=" " ind2=" ">
               <subfield code="a">(OCoLC)31009928</subfield>
            </datafield>
            <datafield tag="050" ind1="0" ind2="0">
               <subfield code="a">KFN2316.M53</subfield>
               <subfield code="b">W53 1995</subfield>
            </datafield>
            <datafield tag="100" ind1="1" ind2=" ">
               <subfield code="a">Wice, Paul B.</subfield>
            </datafield>
            <datafield tag="245" ind1="1" ind2="0">
               <subfield code="a">Court reform and judicial leadership :</subfield>
               <subfield code="b">Judge George Nicola and the New Jersey justice system /</subfield>
               <subfield code="c">Paul B. Wice.</subfield>
            </datafield>
            <datafield tag="264" ind1=" " ind2="1">
               <subfield code="a">Westport, Conn. :</subfield>
               <subfield code="b">Praeger,</subfield>
               <subfield code="c">1995.</subfield>
            </datafield>
            <datafield tag="300" ind1=" " ind2=" ">
               <subfield code="a">212 pages :</subfield>
               <subfield code="b">illustrations ;</subfield>
               <subfield code="c">25 cm</subfield>
            </datafield>
            <datafield tag="504" ind1=" " ind2=" ">
               <subfield code="a">Includes bibliographical references (pages [203]-205) and index.</subfield>
            </datafield>
            <datafield tag="600" ind1="1" ind2="0">
               <subfield code="a">Nicola, George.</subfield>
            </datafield>
            <datafield tag="610" ind1="1" ind2="0">
               <subfield code="a">New Jersey.</subfield>
               <subfield code="b">Superior Court.</subfield>
            </datafield>
            <datafield tag="650" ind1=" " ind2="0">
               <subfield code="a">Judicial process</subfield>
               <subfield code="z">New Jersey</subfield>
               <subfield code="z">Middlesex County.</subfield>
            </datafield>
            <datafield tag="650" ind1=" " ind2="0">
               <subfield code="a">Criminal justice, Administration of</subfield>
               <subfield code="z">New Jersey</subfield>
               <subfield code="z">Middlesex County.</subfield>
            </datafield>
            <datafield tag="650" ind1=" " ind2="0">
               <subfield code="a">Court administration</subfield>
               <subfield code="z">New Jersey</subfield>
               <subfield code="z">Middlesex County.</subfield>
            </datafield>
            <datafield tag="999" ind1=" " ind2=" ">
               <subfield code="a">KFN2316.M53W53 1995</subfield>
               <subfield code="w">LC</subfield>
               <subfield code="c">1</subfield>
               <subfield code="i">000025395365</subfield>
               <subfield code="d">3/21/1996</subfield>
               <subfield code="e">4/9/1996</subfield>
               <subfield code="l">PATERNO-3</subfield>
               <subfield code="m">UP-PAT</subfield>
               <subfield code="r">Y</subfield>
               <subfield code="s">Y</subfield>
               <subfield code="t">BOOK</subfield>
               <subfield code="u">4/13/2001</subfield>
            </datafield>
      </record>
    </metadata>
  </record>