
   <record> 
    <header>
      <identifier>oai:cat.libraries.psu.edu:1455404</identifier> 
      <datestamp>2022-12-16</datestamp>
      <setSpec>BOOK</setSpec> 
    </header>
    <metadata>
      <record xmlns="http://www.loc.gov/MARC21/slim" xsi:schemaLocation="http://www.loc.gov/MARC21/slim http://www.loc.gov/standards/marcxml/schema/MARC21slim.xsd" type="Bibliographic">
         <leader>     nam  22      a 4500</leader>
         <controlfield tag="008">971210s1997    xxka     b    000 0 eng d</controlfield>
            <datafield tag="010" ind1=" " ind2=" ">
               <subfield code="a">   96041364</subfield>
            </datafield>
            <datafield tag="020" ind1=" " ind2=" ">
               <subfield code="a">0415145066 (cloth)</subfield>
            </datafield>
            <datafield tag="020" ind1=" " ind2=" ">
               <subfield code="a">0415145074 (pbk.)</subfield>
            </datafield>
            <datafield tag="035" ind1=" " ind2=" ">
               <subfield code="a">LIAS2053372</subfield>
            </datafield>
            <datafield tag="035" ind1=" " ind2=" ">
               <subfield code="a">(OCoLC)35317444</subfield>
            </datafield>
            <datafield tag="050" ind1="0" ind2="0">
               <subfield code="a">TD195.E49</subfield>
               <subfield code="b">E42 1997</subfield>
            </datafield>
            <datafield tag="100" ind1="1" ind2=" ">
               <subfield code="a">Elliott, David,</subfield>
               <subfield code="d">1943-</subfield>
            </datafield>
            <datafield tag="245" ind1="1" ind2="0">
               <subfield code="a">Energy, society, and environment :</subfield>
               <subfield code="b">technology for a sustainable future /</subfield>
               <subfield code="c">David Elliott.</subfield>
            </datafield>
            <datafield tag="264" ind1=" " ind2="1">
               <subfield code="a">London ;</subfield>
               <subfield code="a">New York :</subfield>
               <subfield code="b">Routledge,</subfield>
               <subfield code="c">1997.</subfield>
            </datafield>
            <datafield tag="300" ind1=" " ind2=" ">
               <subfield code="a">xxv, 252 pages :</subfield>
               <subfield code="b">illustrations ;</subfield>
               <subfield code="c">24 cm.</subfield>
            </datafield>
            <datafield tag="490" ind1="1" ind2=" ">
               <subfield code="a">Routledge introductions to environment series</subfield>
            </datafield>
            <datafield tag="504" ind1=" " ind2=" ">
               <subfield code="a">Includes bibliographical references (pages [239]-246) and index.</subfield>
            </datafield>
            <datafield tag="505" ind1="0" ind2=" ">
               <subfield code="a">ENVIRONMENTAL PROBLEMS: Technology and society -- Energy and environment -- Sustainable technology -- SUSTAINABLE TECHNOLOGY: Greening technology -- The nuclear alternative -- Renewable energy -- Renewables worldwide -- Sustainable energy strategy -- PROBLEMS OF IMPLEMENTATION: Getting started: institutional obstacles -- Keeping going: deployment problems -- Case study: public reactions to UK wind farms -- Public acceptance: the need for negotiation -- SUSTAINABLE SOCIETY: sustainable development -- The global perspective -- The sustainable future -- Conclusions: the way ahead?.</subfield>
            </datafield>
            <datafield tag="650" ind1=" " ind2="0">
               <subfield code="a">Power resources</subfield>
               <subfield code="x">Environmental aspects.</subfield>
            </datafield>
            <datafield tag="650" ind1=" " ind2="0">
               <subfield code="a">Technology</subfield>
               <subfield code="x">Social aspects.</subfield>
            </datafield>
            <datafield tag="830" ind1=" " ind2="0">
               <subfield code="a">Routledge introductions to environment series.</subfield>
            </datafield>
            <datafield tag="999" ind1=" " ind2=" ">
               <subfield code="a">TD195.E49E42 1997</subfield>
               <subfield code="w">LC</subfield>
               <subfield code="c">1</subfield>
               <subfield code="i">000032492965</subfield>
               <subfield code="d">6/20/2008</subfield>
               <subfield code="e">3/22/2005</subfield>
               <subfield code="l">STACKS-EM</subfield>
               <subfield code="m">UP-EMS</subfield>
               <subfield code="n">13</subfield>
               <subfield code="q">1</subfield>
               <subfield code="r">Y</subfield>
               <subfield code="s">Y</subfield>
               <subfield code="t">BOOK</subfield>
               <subfield code="u">4/13/2001</subfield>
            </datafield>
      </record>
    </metadata>
  </record>