
   <record> 
    <header>
      <identifier>oai:cat.libraries.psu.edu:1455406</identifier> 
      <datestamp>2022-12-16</datestamp>
      <setSpec>MAP</setSpec> 
    </header>
    <metadata>
      <record xmlns="http://www.loc.gov/MARC21/slim" xsi:schemaLocation="http://www.loc.gov/MARC21/slim http://www.loc.gov/standards/marcxml/schema/MARC21slim.xsd" type="Bibliographic">
         <leader>     nam  22     Ia 4500</leader>
         <controlfield tag="008">931213t19891990xxu    cc a     0   eng d</controlfield>
            <datafield tag="035" ind1=" " ind2=" ">
               <subfield code="a">(OCoLC)25415401</subfield>
            </datafield>
            <datafield tag="110" ind1="2" ind2=" ">
               <subfield code="a">Louisiana Geological Survey.</subfield>
            </datafield>
            <datafield tag="245" ind1="1" ind2="0">
               <subfield code="a">Quaternary geology of the lower Mississippi valley</subfield>
               <subfield code="h">[cartographic material] /</subfield>
               <subfield code="c">Louisiana Geological Survey ; compiled by Roger T. Saucier and John I. Snead ; loess prepared by Fonda E. Lindfors ; cartography by John L. Snead, Susan S. Birnbaum, Edwin B. Millet.</subfield>
            </datafield>
            <datafield tag="255" ind1=" " ind2=" ">
               <subfield code="a">Scale 1:1,100,000 ;</subfield>
               <subfield code="b">Lambert conformal conic projection</subfield>
               <subfield code="c">(W95 054'-W88  000'/N37  036'-N28  015').</subfield>
            </datafield>
            <datafield tag="264" ind1=" " ind2="1">
               <subfield code="a">Boulder, Colo. :</subfield>
               <subfield code="b">Geological Society of America,</subfield>
               <subfield code="c">1989.</subfield>
            </datafield>
            <datafield tag="264" ind1=" " ind2="4">
               <subfield code="c">©1990</subfield>
            </datafield>
            <datafield tag="300" ind1=" " ind2=" ">
               <subfield code="a">1 map :</subfield>
               <subfield code="b">color ;</subfield>
               <subfield code="c">94 x 72 cm</subfield>
            </datafield>
            <datafield tag="500" ind1=" " ind2=" ">
               <subfield code="a">Inset: Tectonic diagram.</subfield>
            </datafield>
            <datafield tag="500" ind1=" " ind2=" ">
               <subfield code="a">&quot;A publication of the Decade of North American Geology Project, which is funded, in part, by the G.S.A. Foundation&quot;.</subfield>
            </datafield>
            <datafield tag="504" ind1=" " ind2=" ">
               <subfield code="a">Bibliography.</subfield>
            </datafield>
            <datafield tag="650" ind1=" " ind2="0">
               <subfield code="a">Geology, Stratigraphic</subfield>
               <subfield code="z">Mississippi River Valley</subfield>
               <subfield code="y">Quaternary</subfield>
               <subfield code="v">Maps.</subfield>
            </datafield>
            <datafield tag="651" ind1=" " ind2="0">
               <subfield code="a">Mississippi River Valley</subfield>
               <subfield code="v">Maps.</subfield>
            </datafield>
            <datafield tag="655" ind1=" " ind2="7">
               <subfield code="a">Geological maps.</subfield>
               <subfield code="2">lcgft</subfield>
            </datafield>
            <datafield tag="700" ind1="1" ind2=" ">
               <subfield code="a">Snead, John</subfield>
               <subfield code="q">(John I.)</subfield>
            </datafield>
            <datafield tag="700" ind1="1" ind2=" ">
               <subfield code="a">Saucier, Roger T.</subfield>
            </datafield>
            <datafield tag="710" ind1="2" ind2=" ">
               <subfield code="a">Decade of North American Geology Project.</subfield>
            </datafield>
            <datafield tag="710" ind1="2" ind2=" ">
               <subfield code="a">Geological Society of America.</subfield>
            </datafield>
            <datafield tag="999" ind1=" " ind2=" ">
               <subfield code="a">G4042.M5C57 1989.L6</subfield>
               <subfield code="w">LC</subfield>
               <subfield code="c">1</subfield>
               <subfield code="i">000021919855</subfield>
               <subfield code="d">4/30/1996</subfield>
               <subfield code="e">12/17/1998</subfield>
               <subfield code="l">MAPS-EM</subfield>
               <subfield code="m">UP-EMS</subfield>
               <subfield code="n">2</subfield>
               <subfield code="r">Y</subfield>
               <subfield code="s">Y</subfield>
               <subfield code="t">MAP</subfield>
               <subfield code="u">4/13/2001</subfield>
            </datafield>
      </record>
    </metadata>
  </record>