
   <record> 
    <header>
      <identifier>oai:cat.libraries.psu.edu:1455409</identifier> 
      <datestamp>2022-12-16</datestamp>
      <setSpec>PERIODICAL</setSpec> 
    </header>
    <metadata>
      <record xmlns="http://www.loc.gov/MARC21/slim" xsi:schemaLocation="http://www.loc.gov/MARC21/slim http://www.loc.gov/standards/marcxml/schema/MARC21slim.xsd" type="Bibliographic">
         <leader>     nam  22     1  4500</leader>
         <controlfield tag="008">961122d19961999xxuqu p   o   0   a0eng d</controlfield>
            <datafield tag="010" ind1=" " ind2=" ">
               <subfield code="a">   96659004 </subfield>
               <subfield code="z"> sn95005860</subfield>
            </datafield>
            <datafield tag="022" ind1="0" ind2=" ">
               <subfield code="a">1083-8147</subfield>
            </datafield>
            <datafield tag="035" ind1=" " ind2=" ">
               <subfield code="a">LIAS1893392</subfield>
            </datafield>
            <datafield tag="035" ind1=" " ind2=" ">
               <subfield code="a">(OCoLC)32890811</subfield>
            </datafield>
            <datafield tag="050" ind1="1" ind2="4">
               <subfield code="a">HQ75</subfield>
               <subfield code="b">.J68</subfield>
            </datafield>
            <datafield tag="245" ind1="0" ind2="0">
               <subfield code="a">Journal of gay, lesbian, and bisexual identity.</subfield>
            </datafield>
            <datafield tag="246" ind1="3" ind2="0">
               <subfield code="a">Gay, lesbian, and bisexual identity</subfield>
            </datafield>
            <datafield tag="264" ind1=" " ind2="1">
               <subfield code="a">New York, N.Y. :</subfield>
               <subfield code="b">Human Sciences Press, Inc.,</subfield>
               <subfield code="c">[1996-]</subfield>
            </datafield>
            <datafield tag="264" ind1=" " ind2="4">
               <subfield code="c">©1996-</subfield>
            </datafield>
            <datafield tag="300" ind1=" " ind2=" ">
               <subfield code="a">volumes :</subfield>
               <subfield code="b">illustrations ;</subfield>
               <subfield code="c">23 cm</subfield>
            </datafield>
            <datafield tag="310" ind1=" " ind2=" ">
               <subfield code="a">Quarterly.</subfield>
            </datafield>
            <datafield tag="362" ind1="0" ind2=" ">
               <subfield code="a">Vol. 1, no. 1 (Jan. 1996)-</subfield>
            </datafield>
            <datafield tag="362" ind1="1" ind2=" ">
               <subfield code="a">Ceased with: Vol. 4, no. 4 (Oct. 1999).</subfield>
            </datafield>
            <datafield tag="500" ind1=" " ind2=" ">
               <subfield code="a">Title from cover.</subfield>
            </datafield>
            <datafield tag="650" ind1=" " ind2="0">
               <subfield code="a">Homosexuality</subfield>
               <subfield code="v">Periodicals.</subfield>
            </datafield>
            <datafield tag="650" ind1=" " ind2="0">
               <subfield code="a">Bisexuality</subfield>
               <subfield code="v">Periodicals.</subfield>
            </datafield>
            <datafield tag="650" ind1=" " ind2="0">
               <subfield code="a">Gays</subfield>
               <subfield code="v">Periodicals.</subfield>
            </datafield>
            <datafield tag="650" ind1=" " ind2="0">
               <subfield code="a">Transsexuals</subfield>
               <subfield code="v">Periodicals.</subfield>
            </datafield>
            <datafield tag="650" ind1=" " ind2="0">
               <subfield code="a">Gays</subfield>
               <subfield code="x">Identity</subfield>
               <subfield code="v">Periodicals.</subfield>
            </datafield>
            <datafield tag="650" ind1=" " ind2="0">
               <subfield code="a">Identity (Psychology)</subfield>
               <subfield code="v">Periodicals.</subfield>
            </datafield>
            <datafield tag="785" ind1="0" ind2="0">
               <subfield code="t">International journal of sexuality and gender studies</subfield>
            </datafield>
            <datafield tag="037" ind1=" " ind2=" ">
               <subfield code="b">Subscription Dept., Human Sciences Press, Inc., 233 Spring St., New York, NY 10013-1578</subfield>
               <subfield code="c">$110.00 (institutions)</subfield>
               <subfield code="c">$35.00 (individual)</subfield>
            </datafield>
            <datafield tag="999" ind1=" " ind2=" ">
               <subfield code="a">HQ75.J67 v.2-3 1997/98</subfield>
               <subfield code="w">LCPER</subfield>
               <subfield code="c">1</subfield>
               <subfield code="i">000071661506</subfield>
               <subfield code="l">PATERNO-2</subfield>
               <subfield code="m">UP-PAT</subfield>
               <subfield code="r">Y</subfield>
               <subfield code="s">Y</subfield>
               <subfield code="t">PERIODICAL</subfield>
               <subfield code="u">8/30/2012</subfield>
            </datafield>
            <datafield tag="999" ind1=" " ind2=" ">
               <subfield code="a">HQ75.J67 v.4 1999</subfield>
               <subfield code="w">LCPER</subfield>
               <subfield code="c">1</subfield>
               <subfield code="i">000071661490</subfield>
               <subfield code="d">5/29/2015</subfield>
               <subfield code="l">PATERNO-2</subfield>
               <subfield code="m">UP-PAT</subfield>
               <subfield code="q">2</subfield>
               <subfield code="r">Y</subfield>
               <subfield code="s">Y</subfield>
               <subfield code="t">PERIODICAL</subfield>
               <subfield code="u">10/8/2012</subfield>
            </datafield>
            <datafield tag="999" ind1=" " ind2=" ">
               <subfield code="a">HQ75.J67 v.1 no.1 1996</subfield>
               <subfield code="w">LCPER</subfield>
               <subfield code="c">1</subfield>
               <subfield code="i">1455409-7001</subfield>
               <subfield code="d">1/22/2001</subfield>
               <subfield code="l">LGBTA-ROOM</subfield>
               <subfield code="m">XTERNAL</subfield>
               <subfield code="r">Y</subfield>
               <subfield code="s">Y</subfield>
               <subfield code="t">PERIODICAL</subfield>
               <subfield code="u">4/13/2001</subfield>
            </datafield>
      </record>
    </metadata>
  </record>