
   <record> 
    <header>
      <identifier>oai:cat.libraries.psu.edu:1455410</identifier> 
      <datestamp>2022-12-16</datestamp>
      <setSpec>MICROFORM</setSpec> 
      <setSpec>SERIAL</setSpec> 
    </header>
    <metadata>
      <record xmlns="http://www.loc.gov/MARC21/slim" xsi:schemaLocation="http://www.loc.gov/MARC21/slim http://www.loc.gov/standards/marcxml/schema/MARC21slim.xsd" type="Bibliographic">
         <leader>     nam  22      a 4500</leader>
         <controlfield tag="008">931213c19629999cnuqu         0    0eng d</controlfield>
            <datafield tag="010" ind1=" " ind2=" ">
               <subfield code="a">   73640746 </subfield>
               <subfield code="z"> ce7508623</subfield>
               <subfield code="z"> cn75075103</subfield>
            </datafield>
            <datafield tag="022" ind1=" " ind2=" ">
               <subfield code="a">1181-6740</subfield>
               <subfield code="z">0318-2606</subfield>
               <subfield code="z">0844-837X</subfield>
            </datafield>
            <datafield tag="035" ind1=" " ind2=" ">
               <subfield code="a">LIAS1736861</subfield>
            </datafield>
            <datafield tag="035" ind1=" " ind2=" ">
               <subfield code="a">(OCoLC)2442553</subfield>
            </datafield>
            <datafield tag="050" ind1="0" ind2="0">
               <subfield code="a">HF3221</subfield>
               <subfield code="b">.C36a</subfield>
            </datafield>
            <datafield tag="245" ind1="0" ind2="0">
               <subfield code="a">Imports by countries /</subfield>
               <subfield code="c">Dominion Bureau of Statistics, External Trade Division.</subfield>
            </datafield>
            <datafield tag="246" ind1="1" ind2="0">
               <subfield code="a">Imports by country</subfield>
            </datafield>
            <datafield tag="246" ind1="1" ind2="1">
               <subfield code="a">Importations par pays</subfield>
            </datafield>
            <datafield tag="246" ind1="1" ind2="0">
               <subfield code="a">Imports by country (H.S. based)</subfield>
            </datafield>
            <datafield tag="246" ind1="1" ind2="0">
               <subfield code="a">Importations par pays (base du S.H.)</subfield>
            </datafield>
            <datafield tag="264" ind1=" " ind2="1">
               <subfield code="a">Ottawa :</subfield>
               <subfield code="b">The Division,</subfield>
               <subfield code="c">1962-</subfield>
            </datafield>
            <datafield tag="300" ind1=" " ind2=" ">
               <subfield code="a">volumes ;</subfield>
               <subfield code="c">28 cm.</subfield>
            </datafield>
            <datafield tag="310" ind1=" " ind2=" ">
               <subfield code="a">Quarterly.</subfield>
            </datafield>
            <datafield tag="362" ind1="0" ind2=" ">
               <subfield code="a">Vol. 19, no. 1 (Jan./Mar. 1962) -</subfield>
            </datafield>
            <datafield tag="490" ind1="1" ind2=" ">
               <subfield code="a">Trade of Canada = Commerce du Canada</subfield>
            </datafield>
            <datafield tag="500" ind1=" " ind2=" ">
               <subfield code="a">Issues for Jan./Mar. 1988-Jan./Mar. 1990 have title: Imports by country (H.S. based) = Importations par pays (base du S.H.).</subfield>
            </datafield>
            <datafield tag="500" ind1=" " ind2=" ">
               <subfield code="a">Issues for Jan./Mar. 1974- have French parallel title: Importations par pays.</subfield>
            </datafield>
            <datafield tag="500" ind1=" " ind2=" ">
               <subfield code="a">Some issues have title: Imports by country.</subfield>
            </datafield>
            <datafield tag="546" ind1=" " ind2=" ">
               <subfield code="a">Text in English only, Jan./Mar. 1962-Jan./Dec. 1973; text in English and French, Jan./Mar. 1974-</subfield>
            </datafield>
            <datafield tag="650" ind1=" " ind2="0">
               <subfield code="a">Imports</subfield>
               <subfield code="z">Canada</subfield>
               <subfield code="v">Statistics</subfield>
               <subfield code="v">Periodicals.</subfield>
            </datafield>
            <datafield tag="651" ind1=" " ind2="0">
               <subfield code="a">Canada</subfield>
               <subfield code="x">Commerce</subfield>
               <subfield code="v">Statistics</subfield>
               <subfield code="v">Periodicals.</subfield>
            </datafield>
            <datafield tag="710" ind1="1" ind2=" ">
               <subfield code="a">Canada.</subfield>
               <subfield code="b">Dominion Bureau of Statistics.</subfield>
               <subfield code="b">External Trade Division.</subfield>
            </datafield>
            <datafield tag="710" ind1="2" ind2=" ">
               <subfield code="a">Statistics Canada.</subfield>
               <subfield code="b">External Trade Division.</subfield>
            </datafield>
            <datafield tag="710" ind1="2" ind2=" ">
               <subfield code="a">Statistics Canada.</subfield>
               <subfield code="b">International Trade Division.</subfield>
            </datafield>
            <datafield tag="780" ind1="0" ind2="0">
               <subfield code="a">Canada. Dominion Bureau of Statistics. Extenal Trade Section /</subfield>
               <subfield code="t">Commodities imported from each country.</subfield>
            </datafield>
            <datafield tag="830" ind1=" " ind2="0">
               <subfield code="a">Trade of Canada (Canada. Dominion Bureau of Statistics)</subfield>
            </datafield>
            <datafield tag="830" ind1=" " ind2="0">
               <subfield code="a">Trade of Canada (Ottawa, Ont. : Series)</subfield>
            </datafield>
            <datafield tag="533" ind1=" " ind2=" ">
               <subfield code="a">Microform.</subfield>
               <subfield code="b">[Toronto, Ontario],</subfield>
               <subfield code="c">Micromedia Limited,</subfield>
               <subfield code="d">[19__]-</subfield>
               <subfield code="e">microfiches : negative : 11 x 15 cm.</subfield>
            </datafield>
            <datafield tag="999" ind1=" " ind2=" ">
               <subfield code="a">C2 CS 65.006:</subfield>
               <subfield code="w">SUDOC</subfield>
               <subfield code="c">1</subfield>
               <subfield code="i">1455410-1001</subfield>
               <subfield code="d">6/24/1998</subfield>
               <subfield code="l">DOC-INTL</subfield>
               <subfield code="m">UP-PAT</subfield>
               <subfield code="r">Y</subfield>
               <subfield code="s">Y</subfield>
               <subfield code="t">SERIAL</subfield>
               <subfield code="u">4/13/2001</subfield>
            </datafield>
            <datafield tag="999" ind1=" " ind2=" ">
               <subfield code="a">C2 CS 65.006:</subfield>
               <subfield code="w">SUDOC</subfield>
               <subfield code="c">2</subfield>
               <subfield code="i">1455410-1002</subfield>
               <subfield code="d">6/24/1998</subfield>
               <subfield code="l">DOC-INTL</subfield>
               <subfield code="m">UP-PAT</subfield>
               <subfield code="r">Y</subfield>
               <subfield code="s">Y</subfield>
               <subfield code="t">MICROFORM</subfield>
               <subfield code="u">4/13/2001</subfield>
            </datafield>
      </record>
    </metadata>
  </record>