
   <record> 
    <header>
      <identifier>oai:cat.libraries.psu.edu:1455413</identifier> 
      <datestamp>2022-12-16</datestamp>
      <setSpec>BOOK</setSpec> 
    </header>
    <metadata>
      <record xmlns="http://www.loc.gov/MARC21/slim" xsi:schemaLocation="http://www.loc.gov/MARC21/slim http://www.loc.gov/standards/marcxml/schema/MARC21slim.xsd" type="Bibliographic">
         <leader>     ncm  22     I  4500</leader>
         <controlfield tag="008">960722t19941994xxc      b    000 0 eng d</controlfield>
            <datafield tag="020" ind1=" " ind2=" ">
               <subfield code="a">1895296153 :</subfield>
               <subfield code="c">$30.00</subfield>
            </datafield>
            <datafield tag="035" ind1=" " ind2=" ">
               <subfield code="a">LIAS1893393</subfield>
            </datafield>
            <datafield tag="035" ind1=" " ind2=" ">
               <subfield code="a">(OCoLC)30811860</subfield>
            </datafield>
            <datafield tag="245" ind1="0" ind2="0">
               <subfield code="a">Studying Asia Pacific security :</subfield>
               <subfield code="b">the future of research, training and dialogue activities : the future of Asia Pacific security studies and exchange activities : conference proceedings, Bali, Indonesia, December 12-15, 1993 /</subfield>
               <subfield code="c">Paul M. Evans, editor.</subfield>
            </datafield>
            <datafield tag="264" ind1=" " ind2="1">
               <subfield code="a">North York, Ont. :</subfield>
               <subfield code="b">University of Toronto-York University Joint Centre For Asia Pacific Studies,</subfield>
               <subfield code="c">[1994]</subfield>
            </datafield>
            <datafield tag="264" ind1=" " ind2="4">
               <subfield code="c">©1994</subfield>
            </datafield>
            <datafield tag="300" ind1=" " ind2=" ">
               <subfield code="a">388 pages ;</subfield>
               <subfield code="c">25 cm</subfield>
            </datafield>
            <datafield tag="500" ind1=" " ind2=" ">
               <subfield code="a">&quot;Centre for Strategic and International Studies, Indonesia&quot;.</subfield>
            </datafield>
            <datafield tag="504" ind1=" " ind2=" ">
               <subfield code="a">Includes bibliographical references.</subfield>
            </datafield>
            <datafield tag="650" ind1=" " ind2="0">
               <subfield code="a">National security</subfield>
               <subfield code="z">East Asia</subfield>
               <subfield code="x">Research</subfield>
               <subfield code="v">Congresses.</subfield>
            </datafield>
            <datafield tag="650" ind1=" " ind2="0">
               <subfield code="a">National security</subfield>
               <subfield code="z">Pacific Area</subfield>
               <subfield code="x">Research</subfield>
               <subfield code="v">Congresses.</subfield>
            </datafield>
            <datafield tag="700" ind1="1" ind2=" ">
               <subfield code="a">Evans, Paul M.</subfield>
            </datafield>
            <datafield tag="710" ind1="2" ind2=" ">
               <subfield code="a">Joint Centre for Asia Pacific Studies.</subfield>
            </datafield>
            <datafield tag="710" ind1="2" ind2=" ">
               <subfield code="a">Centre for Strategic and International Studies.</subfield>
            </datafield>
            <datafield tag="999" ind1=" " ind2=" ">
               <subfield code="a">UA832.5.S78 1994</subfield>
               <subfield code="w">LC</subfield>
               <subfield code="c">1</subfield>
               <subfield code="i">000025432817</subfield>
               <subfield code="d">12/22/2015</subfield>
               <subfield code="e">5/7/2004</subfield>
               <subfield code="f">12/22/2015</subfield>
               <subfield code="g">1</subfield>
               <subfield code="l">PATERNO-3</subfield>
               <subfield code="m">UP-PAT</subfield>
               <subfield code="n">8</subfield>
               <subfield code="p">$30.00</subfield>
               <subfield code="r">Y</subfield>
               <subfield code="s">Y</subfield>
               <subfield code="t">BOOK</subfield>
               <subfield code="u">4/13/2001</subfield>
            </datafield>
      </record>
    </metadata>
  </record>