
   <record> 
    <header>
      <identifier>oai:cat.libraries.psu.edu:1455414</identifier> 
      <datestamp>2022-12-16</datestamp>
      <setSpec>SCORE</setSpec> 
    </header>
    <metadata>
      <record xmlns="http://www.loc.gov/MARC21/slim" xsi:schemaLocation="http://www.loc.gov/MARC21/slim http://www.loc.gov/standards/marcxml/schema/MARC21slim.xsd" type="Bibliographic">
         <leader>     nam  22      a 4500</leader>
         <controlfield tag="008">971210t19651965xxuuuu         n        d</controlfield>
            <datafield tag="010" ind1=" " ind2=" ">
               <subfield code="a">   66053414</subfield>
            </datafield>
            <datafield tag="035" ind1=" " ind2=" ">
               <subfield code="a">LIAS2053376</subfield>
            </datafield>
            <datafield tag="035" ind1=" " ind2=" ">
               <subfield code="a">(OCoLC)1611606</subfield>
            </datafield>
            <datafield tag="050" ind1="0" ind2="0">
               <subfield code="a">M1025.M33</subfield>
               <subfield code="b">C67</subfield>
            </datafield>
            <datafield tag="100" ind1="1" ind2=" ">
               <subfield code="a">Manevich, A.</subfield>
               <subfield code="q">(Aleksandr),</subfield>
               <subfield code="d">1908-1976.</subfield>
            </datafield>
            <datafield tag="240" ind1="1" ind2="0">
               <subfield code="a">Concerto,</subfield>
               <subfield code="m">clarinet, orchestra;</subfield>
               <subfield code="o">arranged</subfield>
            </datafield>
            <datafield tag="245" ind1="1" ind2="0">
               <subfield code="a">Concerto</subfield>
               <subfield code="h">[music] :</subfield>
               <subfield code="b">for clarinet and orchestra. /</subfield>
               <subfield code="c">reduction for clarinet and piano by Carl A. Rosenthal.</subfield>
            </datafield>
            <datafield tag="264" ind1=" " ind2="1">
               <subfield code="a">New York :</subfield>
               <subfield code="b">Music Corporation of America,</subfield>
               <subfield code="c">[1965]</subfield>
            </datafield>
            <datafield tag="264" ind1=" " ind2="4">
               <subfield code="c">©1965</subfield>
            </datafield>
            <datafield tag="300" ind1=" " ind2=" ">
               <subfield code="a">1 score (31 pages) + 1 part (11 pages) ;</subfield>
               <subfield code="c">31 cm.</subfield>
            </datafield>
            <datafield tag="382" ind1=" " ind2=" ">
               <subfield code="a">clarinet</subfield>
               <subfield code="a">orchestra</subfield>
            </datafield>
            <datafield tag="490" ind1="1" ind2=" ">
               <subfield code="a">Leeds solo series</subfield>
            </datafield>
            <datafield tag="500" ind1=" " ind2=" ">
               <subfield code="a">Duration: 12 min., 30 sec.</subfield>
            </datafield>
            <datafield tag="650" ind1=" " ind2="0">
               <subfield code="a">Concertos (Clarinet)</subfield>
               <subfield code="v">Solo with piano</subfield>
               <subfield code="v">Scores and parts.</subfield>
            </datafield>
            <datafield tag="700" ind1="1" ind2=" ">
               <subfield code="a">Rosenthal, Carl A.</subfield>
               <subfield code="q">(Carl August),</subfield>
               <subfield code="d">1904-1993.</subfield>
            </datafield>
            <datafield tag="830" ind1=" " ind2="0">
               <subfield code="a">Leeds solo series.</subfield>
            </datafield>
            <datafield tag="999" ind1=" " ind2=" ">
               <subfield code="a">M1025.M33C67 1965 Q</subfield>
               <subfield code="w">LC</subfield>
               <subfield code="c">1</subfield>
               <subfield code="i">000031298612</subfield>
               <subfield code="d">12/3/2015</subfield>
               <subfield code="e">1/29/1998</subfield>
               <subfield code="f">12/3/2015</subfield>
               <subfield code="g">1</subfield>
               <subfield code="l">PATTEE-1A</subfield>
               <subfield code="m">UP-PAT</subfield>
               <subfield code="n">1</subfield>
               <subfield code="r">Y</subfield>
               <subfield code="s">Y</subfield>
               <subfield code="t">SCORE</subfield>
               <subfield code="u">4/13/2001</subfield>
            </datafield>
      </record>
    </metadata>
  </record>