
   <record> 
    <header>
      <identifier>oai:cat.libraries.psu.edu:1455418</identifier> 
      <datestamp>2022-12-16</datestamp>
      <setSpec>JUVENILEBK</setSpec> 
    </header>
    <metadata>
      <record xmlns="http://www.loc.gov/MARC21/slim" xsi:schemaLocation="http://www.loc.gov/MARC21/slim http://www.loc.gov/standards/marcxml/schema/MARC21slim.xsd" type="Bibliographic">
         <leader>     nam  22      a 4500</leader>
         <controlfield tag="008">971210t19961996xxua   j      000 0 eng d</controlfield>
            <datafield tag="010" ind1=" " ind2=" ">
               <subfield code="a">   94012819</subfield>
            </datafield>
            <datafield tag="020" ind1=" " ind2=" ">
               <subfield code="a">0689805179 :</subfield>
               <subfield code="c">$15.00</subfield>
            </datafield>
            <datafield tag="035" ind1=" " ind2=" ">
               <subfield code="a">LIAS2053377</subfield>
            </datafield>
            <datafield tag="035" ind1=" " ind2=" ">
               <subfield code="a">(OCoLC)30701965</subfield>
            </datafield>
            <datafield tag="050" ind1="0" ind2="0">
               <subfield code="a">PZ7.S4123</subfield>
               <subfield code="b">Han 1996</subfield>
            </datafield>
            <datafield tag="100" ind1="1" ind2=" ">
               <subfield code="a">Schweiger-Dmi'el, Itzhak.</subfield>
            </datafield>
            <datafield tag="240" ind1="1" ind2="0">
               <subfield code="a">Simlat ha'Shabat shel Hannaleh.</subfield>
               <subfield code="l">English</subfield>
            </datafield>
            <datafield tag="245" ind1="1" ind2="0">
               <subfield code="a">Hanna's Sabbath dress /</subfield>
               <subfield code="c">by Izhak Schweiger-Dmi'el ; illustrated by Ora Eitan ; translated by Razi Dmi'el, Ora Eitan, and Philemon Sturges.</subfield>
            </datafield>
            <datafield tag="250" ind1=" " ind2=" ">
               <subfield code="a">1st ed.</subfield>
            </datafield>
            <datafield tag="264" ind1=" " ind2="1">
               <subfield code="a">New York, N.Y. :</subfield>
               <subfield code="b">Simon &amp; Schuster Books for Young Readers,</subfield>
               <subfield code="c">[1996]</subfield>
            </datafield>
            <datafield tag="264" ind1=" " ind2="4">
               <subfield code="c">©1996</subfield>
            </datafield>
            <datafield tag="300" ind1=" " ind2=" ">
               <subfield code="a">1 volume (unpaged) :</subfield>
               <subfield code="b">color illustrations ;</subfield>
               <subfield code="c">26 cm</subfield>
            </datafield>
            <datafield tag="500" ind1=" " ind2=" ">
               <subfield code="a">&quot;Originally published by Le Maan Hayeled as 'Simlat ha'Shabat shel Hannaleh' in Kakha Sipru Li in 1937.&quot;--Colophon.</subfield>
            </datafield>
            <datafield tag="520" ind1=" " ind2=" ">
               <subfield code="a">When Hanna helps an old man and her new Sabbath dress gets dirty, she is afraid her mother will be sad.</subfield>
            </datafield>
            <datafield tag="521" ind1="1" ind2=" ">
               <subfield code="a">&quot;Ages 4-8&quot;--Front flap of dustjacket.</subfield>
            </datafield>
            <datafield tag="650" ind1=" " ind2="1">
               <subfield code="a">Sabbath</subfield>
               <subfield code="v">Fiction.</subfield>
            </datafield>
            <datafield tag="650" ind1=" " ind2="1">
               <subfield code="a">Kindness</subfield>
               <subfield code="v">Fiction.</subfield>
            </datafield>
            <datafield tag="650" ind1=" " ind2="1">
               <subfield code="a">Jews</subfield>
               <subfield code="v">Fiction.</subfield>
            </datafield>
            <datafield tag="700" ind1="1" ind2=" ">
               <subfield code="a">Eitan, Ora,</subfield>
               <subfield code="d">1940-</subfield>
               <subfield code="e">illustrator.</subfield>
            </datafield>
            <datafield tag="999" ind1=" " ind2=" ">
               <subfield code="a">Picture Books S388ha 1996</subfield>
               <subfield code="w">ASIS</subfield>
               <subfield code="c">1</subfield>
               <subfield code="i">000032320053</subfield>
               <subfield code="d">7/2/2010</subfield>
               <subfield code="e">5/21/2010</subfield>
               <subfield code="l">JUVENIL-ED</subfield>
               <subfield code="m">UP-PAT</subfield>
               <subfield code="n">3</subfield>
               <subfield code="p">$15.00</subfield>
               <subfield code="r">Y</subfield>
               <subfield code="s">Y</subfield>
               <subfield code="t">JUVENILEBK</subfield>
               <subfield code="u">4/13/2001</subfield>
               <subfield code="o">.STAFF. Digitized Copy Instructions: Do not delete or replace the barcode in this item record. It links to the digitized copy of this volume. If WITHDRAWING the volume or REPLACING a barcode, update the item record to reflect an ONLINE resource. Add a new barcode by adding a second item record. See Access Services Training Bulletin no. 25 for full instructions.</subfield>
            </datafield>
      </record>
    </metadata>
  </record>