
   <record> 
    <header>
      <identifier>oai:cat.libraries.psu.edu:1455424</identifier> 
      <datestamp>2022-12-16</datestamp>
      <setSpec>BOOK</setSpec> 
    </header>
    <metadata>
      <record xmlns="http://www.loc.gov/MARC21/slim" xsi:schemaLocation="http://www.loc.gov/MARC21/slim http://www.loc.gov/standards/marcxml/schema/MARC21slim.xsd" type="Bibliographic">
         <leader>     nam  22     8a 4500</leader>
         <controlfield tag="008">960228r19961995xxu           000 0 eng d</controlfield>
            <datafield tag="010" ind1=" " ind2=" ">
               <subfield code="a">   95004720</subfield>
            </datafield>
            <datafield tag="020" ind1=" " ind2=" ">
               <subfield code="a">0679439153</subfield>
            </datafield>
            <datafield tag="035" ind1=" " ind2=" ">
               <subfield code="a">LIAS1893396</subfield>
            </datafield>
            <datafield tag="035" ind1=" " ind2=" ">
               <subfield code="a">(OCoLC)32591201</subfield>
            </datafield>
            <datafield tag="050" ind1="0" ind2="0">
               <subfield code="a">PR6052.R5816</subfield>
               <subfield code="b">I5 1996</subfield>
            </datafield>
            <datafield tag="100" ind1="1" ind2=" ">
               <subfield code="a">Brookner, Anita.</subfield>
            </datafield>
            <datafield tag="245" ind1="1" ind2="0">
               <subfield code="a">Incidents in the Rue Laugier /</subfield>
               <subfield code="c">Anita Brookner.</subfield>
            </datafield>
            <datafield tag="250" ind1=" " ind2=" ">
               <subfield code="a">1st U.S. ed.</subfield>
            </datafield>
            <datafield tag="264" ind1=" " ind2="1">
               <subfield code="a">New York :</subfield>
               <subfield code="b">Random House,</subfield>
               <subfield code="c">[1996]</subfield>
            </datafield>
            <datafield tag="264" ind1=" " ind2="4">
               <subfield code="c">©1995</subfield>
            </datafield>
            <datafield tag="300" ind1=" " ind2=" ">
               <subfield code="a">233 pages ;</subfield>
               <subfield code="c">22 cm</subfield>
            </datafield>
            <datafield tag="650" ind1=" " ind2="0">
               <subfield code="a">Man-woman relationships</subfield>
               <subfield code="z">France</subfield>
               <subfield code="v">Fiction.</subfield>
            </datafield>
            <datafield tag="655" ind1=" " ind2="7">
               <subfield code="a">Love stories.</subfield>
               <subfield code="2">gsafd</subfield>
            </datafield>
            <datafield tag="999" ind1=" " ind2=" ">
               <subfield code="a">PR6052.R5816I5 1996</subfield>
               <subfield code="w">LC</subfield>
               <subfield code="c">1</subfield>
               <subfield code="i">000025135459</subfield>
               <subfield code="d">11/14/2018</subfield>
               <subfield code="e">3/16/1997</subfield>
               <subfield code="l">CATO-2</subfield>
               <subfield code="m">UP-ANNEX</subfield>
               <subfield code="r">Y</subfield>
               <subfield code="s">Y</subfield>
               <subfield code="t">BOOK</subfield>
               <subfield code="u">4/13/2001</subfield>
               <subfield code="z">6760</subfield>
            </datafield>
      </record>
    </metadata>
  </record>