
   <record> 
    <header>
      <identifier>oai:cat.libraries.psu.edu:1455435</identifier> 
      <datestamp>2022-12-16</datestamp>
      <setSpec>BOOK</setSpec> 
    </header>
    <metadata>
      <record xmlns="http://www.loc.gov/MARC21/slim" xsi:schemaLocation="http://www.loc.gov/MARC21/slim http://www.loc.gov/standards/marcxml/schema/MARC21slim.xsd" type="Bibliographic">
         <leader>     nam  22        4500</leader>
         <controlfield tag="008">931213s1993    xxu      b    000 0 eng d</controlfield>
            <datafield tag="010" ind1=" " ind2=" ">
               <subfield code="a">   93007741</subfield>
            </datafield>
            <datafield tag="020" ind1=" " ind2=" ">
               <subfield code="a">0130751367 :</subfield>
               <subfield code="c">$67.95</subfield>
            </datafield>
            <datafield tag="035" ind1=" " ind2=" ">
               <subfield code="a">LIAS1736867</subfield>
            </datafield>
            <datafield tag="035" ind1=" " ind2=" ">
               <subfield code="a">(OCoLC)27894394</subfield>
            </datafield>
            <datafield tag="050" ind1="0" ind2="0">
               <subfield code="a">TS157.5</subfield>
               <subfield code="b">.S35 1993</subfield>
            </datafield>
            <datafield tag="245" ind1="0" ind2="0">
               <subfield code="a">Scheduling of production processes /</subfield>
               <subfield code="c">editors, Jurgen Dorn and Karl Froeschl.</subfield>
            </datafield>
            <datafield tag="264" ind1=" " ind2="1">
               <subfield code="a">New York :</subfield>
               <subfield code="b">Ellis Horwood,</subfield>
               <subfield code="c">1993.</subfield>
            </datafield>
            <datafield tag="300" ind1=" " ind2=" ">
               <subfield code="a">xii, 181 pages :</subfield>
               <subfield code="b">illustrations ;</subfield>
               <subfield code="c">25 cm.</subfield>
            </datafield>
            <datafield tag="490" ind1="1" ind2=" ">
               <subfield code="a">Ellis Horwood series in artificial intelligence foundations and concepts</subfield>
            </datafield>
            <datafield tag="504" ind1=" " ind2=" ">
               <subfield code="a">Includes bibliographical references and index.</subfield>
            </datafield>
            <datafield tag="650" ind1=" " ind2="0">
               <subfield code="a">Production scheduling.</subfield>
            </datafield>
            <datafield tag="700" ind1="1" ind2=" ">
               <subfield code="a">Dorn, Jurgen.</subfield>
            </datafield>
            <datafield tag="700" ind1="1" ind2=" ">
               <subfield code="a">Froeschl, Karl.</subfield>
            </datafield>
            <datafield tag="830" ind1=" " ind2="0">
               <subfield code="a">Ellis Horwood series in artificial intelligence foundations and concepts.</subfield>
            </datafield>
            <datafield tag="999" ind1=" " ind2=" ">
               <subfield code="a">TS157.5.S35 1993</subfield>
               <subfield code="w">LC</subfield>
               <subfield code="c">1</subfield>
               <subfield code="i">000021614965</subfield>
               <subfield code="d">11/22/2010</subfield>
               <subfield code="e">5/7/2008</subfield>
               <subfield code="l">CATO-2</subfield>
               <subfield code="m">UP-ANNEX</subfield>
               <subfield code="n">24</subfield>
               <subfield code="p">$67.95</subfield>
               <subfield code="q">2</subfield>
               <subfield code="r">Y</subfield>
               <subfield code="s">Y</subfield>
               <subfield code="t">BOOK</subfield>
               <subfield code="u">4/13/2001</subfield>
               <subfield code="z">8136</subfield>
            </datafield>
      </record>
    </metadata>
  </record>