
   <record> 
    <header>
      <identifier>oai:cat.libraries.psu.edu:1455438</identifier> 
      <datestamp>2022-12-16</datestamp>
      <setSpec>BOOK</setSpec> 
    </header>
    <metadata>
      <record xmlns="http://www.loc.gov/MARC21/slim" xsi:schemaLocation="http://www.loc.gov/MARC21/slim http://www.loc.gov/standards/marcxml/schema/MARC21slim.xsd" type="Bibliographic">
         <leader>     nam  22      a 4500</leader>
         <controlfield tag="008">931213s1990    xx a     s   f000 0 spa d</controlfield>
            <datafield tag="010" ind1=" " ind2=" ">
               <subfield code="a">   92144533</subfield>
            </datafield>
            <datafield tag="035" ind1=" " ind2=" ">
               <subfield code="a">LIAS1736868</subfield>
            </datafield>
            <datafield tag="035" ind1=" " ind2=" ">
               <subfield code="a">(OCoLC)25964670</subfield>
            </datafield>
            <datafield tag="050" ind1="0" ind2="0">
               <subfield code="a">HD9502.C72</subfield>
               <subfield code="b">E87 1990</subfield>
            </datafield>
            <datafield tag="245" ind1="0" ind2="0">
               <subfield code="a">Estadísticas del sector minero-energético, 1940-1989.</subfield>
            </datafield>
            <datafield tag="264" ind1=" " ind2="1">
               <subfield code="a">Bogotá, D.E. :</subfield>
               <subfield code="b">República de Colombia, Ministerio de Minas y Energía,</subfield>
               <subfield code="c">[1990]</subfield>
            </datafield>
            <datafield tag="300" ind1=" " ind2=" ">
               <subfield code="a">214 pages :</subfield>
               <subfield code="b">illustrations (some color) ;</subfield>
               <subfield code="c">28 cm</subfield>
            </datafield>
            <datafield tag="500" ind1=" " ind2=" ">
               <subfield code="a">Cover and spine title: Estadisticas minero-energeticas 1940-1990.</subfield>
            </datafield>
            <datafield tag="650" ind1=" " ind2="0">
               <subfield code="a">Power resources</subfield>
               <subfield code="z">Colombia</subfield>
               <subfield code="v">Statistics.</subfield>
            </datafield>
            <datafield tag="650" ind1=" " ind2="0">
               <subfield code="a">Energy consumption</subfield>
               <subfield code="z">Colombia</subfield>
               <subfield code="v">Statistics.</subfield>
            </datafield>
            <datafield tag="650" ind1=" " ind2="0">
               <subfield code="a">Mines and mineral resources</subfield>
               <subfield code="z">Colombia</subfield>
               <subfield code="v">Statistics.</subfield>
            </datafield>
            <datafield tag="710" ind1="1" ind2=" ">
               <subfield code="a">Colombia.</subfield>
               <subfield code="b">Ministerio de Minas y Energía.</subfield>
            </datafield>
            <datafield tag="740" ind1="0" ind2=" ">
               <subfield code="a">Estadisticas minero-energeticas 1940-1990.</subfield>
            </datafield>
            <datafield tag="999" ind1=" " ind2=" ">
               <subfield code="a">HD9502.C72E87 1990</subfield>
               <subfield code="w">LC</subfield>
               <subfield code="c">1</subfield>
               <subfield code="i">000021559037</subfield>
               <subfield code="d">6/26/2003</subfield>
               <subfield code="e">2/3/1994</subfield>
               <subfield code="l">CATO-2</subfield>
               <subfield code="m">UP-ANNEX</subfield>
               <subfield code="q">1</subfield>
               <subfield code="r">Y</subfield>
               <subfield code="s">Y</subfield>
               <subfield code="t">BOOK</subfield>
               <subfield code="u">4/13/2001</subfield>
               <subfield code="z">6434</subfield>
            </datafield>
      </record>
    </metadata>
  </record>