
   <record> 
    <header>
      <identifier>oai:cat.libraries.psu.edu:1455439</identifier> 
      <datestamp>2022-12-16</datestamp>
      <setSpec>BOOK</setSpec> 
    </header>
    <metadata>
      <record xmlns="http://www.loc.gov/MARC21/slim" xsi:schemaLocation="http://www.loc.gov/MARC21/slim http://www.loc.gov/standards/marcxml/schema/MARC21slim.xsd" type="Bibliographic">
         <leader>     ntm  22     1  4500</leader>
         <controlfield tag="008">980410t19961996xxk           000 0 eng d</controlfield>
            <datafield tag="020" ind1=" " ind2=" ">
               <subfield code="a">085404731X</subfield>
            </datafield>
            <datafield tag="035" ind1=" " ind2=" ">
               <subfield code="a">LIAS2053382</subfield>
            </datafield>
            <datafield tag="035" ind1=" " ind2=" ">
               <subfield code="a">(OCoLC)35233292</subfield>
            </datafield>
            <datafield tag="050" ind1="1" ind2="4">
               <subfield code="a">TH1501</subfield>
               <subfield code="b">.C73 1996</subfield>
            </datafield>
            <datafield tag="245" ind1="0" ind2="0">
               <subfield code="a">Corrosion of reinforcement in concrete construction /</subfield>
               <subfield code="c">edited by C.L. Page, P.B. Bamforth, J.W. Figg.</subfield>
            </datafield>
            <datafield tag="264" ind1=" " ind2="1">
               <subfield code="a">Cambridge :</subfield>
               <subfield code="b">Royal Society of Chemistry, Information Services,</subfield>
               <subfield code="c">[1996]</subfield>
            </datafield>
            <datafield tag="264" ind1=" " ind2="4">
               <subfield code="c">©1996</subfield>
            </datafield>
            <datafield tag="300" ind1=" " ind2=" ">
               <subfield code="a">xii, 675 pages :</subfield>
               <subfield code="b">illustrations ;</subfield>
               <subfield code="c">24 cm.</subfield>
            </datafield>
            <datafield tag="490" ind1="1" ind2=" ">
               <subfield code="a">Special publication ;</subfield>
               <subfield code="v">no. 183</subfield>
            </datafield>
            <datafield tag="500" ind1=" " ind2=" ">
               <subfield code="a">&quot;Papers presented at the Fourth International Symposium on 'Corrosion of Reinforcement in Concrete Construction', held at Robinson College, Cambridge, UK, 1-4 July 1996&quot;--T.p. verso.</subfield>
            </datafield>
            <datafield tag="504" ind1=" " ind2=" ">
               <subfield code="a">Includes bibliographical references and indexes.</subfield>
            </datafield>
            <datafield tag="650" ind1=" " ind2="0">
               <subfield code="a">Reinforced concrete construction</subfield>
               <subfield code="v">Congresses.</subfield>
            </datafield>
            <datafield tag="650" ind1=" " ind2="0">
               <subfield code="a">Reinforced concrete</subfield>
               <subfield code="x">Deterioration</subfield>
               <subfield code="v">Congresses.</subfield>
            </datafield>
            <datafield tag="700" ind1="1" ind2=" ">
               <subfield code="a">Page, C. L.</subfield>
            </datafield>
            <datafield tag="700" ind1="1" ind2=" ">
               <subfield code="a">Bamforth, P. B.</subfield>
            </datafield>
            <datafield tag="700" ind1="1" ind2=" ">
               <subfield code="a">Figg, J. W.</subfield>
            </datafield>
            <datafield tag="711" ind1="2" ind2=" ">
               <subfield code="a">International Symposium on Corrosion of Reinforcement in Concrete Construction</subfield>
               <subfield code="n">(4th :</subfield>
               <subfield code="d">1996 :</subfield>
               <subfield code="c">Cambridge, UK)</subfield>
            </datafield>
            <datafield tag="830" ind1=" " ind2="0">
               <subfield code="a">Special publication (Royal Society of Chemistry (Great Britain)) ;</subfield>
               <subfield code="v">no. 183.</subfield>
            </datafield>
            <datafield tag="999" ind1=" " ind2=" ">
               <subfield code="a">QD1.C485 no.183</subfield>
               <subfield code="w">LC</subfield>
               <subfield code="c">1</subfield>
               <subfield code="i">000033032450</subfield>
               <subfield code="d">7/27/2001</subfield>
               <subfield code="e">7/16/2001</subfield>
               <subfield code="l">STACKS-PM</subfield>
               <subfield code="m">UP-PAMS</subfield>
               <subfield code="n">5</subfield>
               <subfield code="r">Y</subfield>
               <subfield code="s">Y</subfield>
               <subfield code="t">BOOK</subfield>
               <subfield code="u">4/13/2001</subfield>
            </datafield>
            <datafield tag="999" ind1=" " ind2=" ">
               <subfield code="a">TH1501.C73 1996</subfield>
               <subfield code="w">LC</subfield>
               <subfield code="c">1</subfield>
               <subfield code="i">000032675184</subfield>
               <subfield code="d">12/8/2003</subfield>
               <subfield code="e">7/30/2003</subfield>
               <subfield code="l">CATO-2</subfield>
               <subfield code="m">UP-ANNEX</subfield>
               <subfield code="n">15</subfield>
               <subfield code="r">Y</subfield>
               <subfield code="s">Y</subfield>
               <subfield code="t">BOOK</subfield>
               <subfield code="u">4/13/2001</subfield>
               <subfield code="z">6350</subfield>
            </datafield>
      </record>
    </metadata>
  </record>