
   <record> 
    <header>
      <identifier>oai:cat.libraries.psu.edu:145544</identifier> 
      <datestamp>2022-12-16</datestamp>
      <setSpec>MICROFORM</setSpec> 
      <setSpec>THESIS-D</setSpec> 
    </header>
    <metadata>
      <record xmlns="http://www.loc.gov/MARC21/slim" xsi:schemaLocation="http://www.loc.gov/MARC21/slim http://www.loc.gov/standards/marcxml/schema/MARC21slim.xsd" type="Bibliographic">
         <leader>     nam  22     1a 4500</leader>
         <controlfield tag="008">801118s1974    xx            000 0 eng d</controlfield>
            <datafield tag="035" ind1=" " ind2=" ">
               <subfield code="a">LIAS129598</subfield>
            </datafield>
            <datafield tag="100" ind1="1" ind2=" ">
               <subfield code="a">Deaven, Dennis George.</subfield>
            </datafield>
            <datafield tag="245" ind1="1" ind2="2">
               <subfield code="a">A solution for boundary problems in isentropic coordinate models.</subfield>
            </datafield>
            <datafield tag="264" ind1=" " ind2="1">
               <subfield code="a">[Place of publication not identified] :</subfield>
               <subfield code="b">[publisher not identified],</subfield>
               <subfield code="c">1974.</subfield>
            </datafield>
            <datafield tag="300" ind1=" " ind2=" ">
               <subfield code="a">136 leaves.</subfield>
            </datafield>
            <datafield tag="502" ind1=" " ind2=" ">
               <subfield code="b">Ph.D.</subfield>
               <subfield code="c">Pennsylvania State University.</subfield>
            </datafield>
            <datafield tag="699" ind1=" " ind2=" ">
               <subfield code="a">Meteorology.</subfield>
            </datafield>
            <datafield tag="533" ind1=" " ind2=" ">
               <subfield code="a">Microfilm (positive).</subfield>
               <subfield code="e">1 reel 35mm.,</subfield>
               <subfield code="c">(University Microfilms 74-20994).</subfield>
            </datafield>
            <datafield tag="999" ind1=" " ind2=" ">
               <subfield code="a">Thesis 1974dDeave,DG</subfield>
               <subfield code="w">ASIS</subfield>
               <subfield code="c">1</subfield>
               <subfield code="i">000008468192</subfield>
               <subfield code="d">10/13/1994</subfield>
               <subfield code="e">2/6/1998</subfield>
               <subfield code="l">CATO-2</subfield>
               <subfield code="m">UP-ANNEX</subfield>
               <subfield code="n">2</subfield>
               <subfield code="r">Y</subfield>
               <subfield code="s">Y</subfield>
               <subfield code="t">THESIS-D</subfield>
               <subfield code="u">4/12/2001</subfield>
               <subfield code="z">6676</subfield>
            </datafield>
            <datafield tag="999" ind1=" " ind2=" ">
               <subfield code="a">Microfilm Cd725</subfield>
               <subfield code="w">ASIS</subfield>
               <subfield code="c">1</subfield>
               <subfield code="i">000050863082</subfield>
               <subfield code="d">10/13/1994</subfield>
               <subfield code="l">CATO-PARK</subfield>
               <subfield code="m">UP-ANNEX</subfield>
               <subfield code="r">Y</subfield>
               <subfield code="s">Y</subfield>
               <subfield code="t">MICROFORM</subfield>
               <subfield code="u">4/12/2001</subfield>
            </datafield>
      </record>
    </metadata>
  </record>