
   <record> 
    <header>
      <identifier>oai:cat.libraries.psu.edu:1455441</identifier> 
      <datestamp>2022-12-16</datestamp>
      <setSpec>BOOK</setSpec> 
    </header>
    <metadata>
      <record xmlns="http://www.loc.gov/MARC21/slim" xsi:schemaLocation="http://www.loc.gov/MARC21/slim http://www.loc.gov/standards/marcxml/schema/MARC21slim.xsd" type="Bibliographic">
         <leader>     nam  22      a 4500</leader>
         <controlfield tag="008">910809t19911991xxk      b    000 0 eng d</controlfield>
            <datafield tag="010" ind1=" " ind2=" ">
               <subfield code="a">   90038460</subfield>
            </datafield>
            <datafield tag="020" ind1=" " ind2=" ">
               <subfield code="a">1851664343</subfield>
            </datafield>
            <datafield tag="035" ind1=" " ind2=" ">
               <subfield code="a">LIAS1579708</subfield>
            </datafield>
            <datafield tag="035" ind1=" " ind2=" ">
               <subfield code="a">(OCoLC)21969659</subfield>
            </datafield>
            <datafield tag="050" ind1="0" ind2="0">
               <subfield code="a">TP807</subfield>
               <subfield code="b">.C457 1990</subfield>
            </datafield>
            <datafield tag="245" ind1="0" ind2="0">
               <subfield code="a">Fundamentals of ceramic engineering /</subfield>
               <subfield code="c">editor, P. Vincenzini.</subfield>
            </datafield>
            <datafield tag="264" ind1=" " ind2="1">
               <subfield code="a">London ;</subfield>
               <subfield code="a">New York :</subfield>
               <subfield code="b">Elsevier Applied Science,</subfield>
               <subfield code="c">[1991]</subfield>
            </datafield>
            <datafield tag="264" ind1=" " ind2="4">
               <subfield code="c">©1991</subfield>
            </datafield>
            <datafield tag="300" ind1=" " ind2=" ">
               <subfield code="a">ix, 264 pages :</subfield>
               <subfield code="b">illustrations ;</subfield>
               <subfield code="c">23 cm</subfield>
            </datafield>
            <datafield tag="500" ind1=" " ind2=" ">
               <subfield code="a">Proceedings of the 1st International Course on Ceramics, held Oct. 10-15, 1988 in Bogotá, Colombia, organized by the Centro Internacional de Física.</subfield>
            </datafield>
            <datafield tag="504" ind1=" " ind2=" ">
               <subfield code="a">Includes bibliographical references and index.</subfield>
            </datafield>
            <datafield tag="505" ind1="0" ind2=" ">
               <subfield code="a">Ceramics: some approaches to the meaning of the term and research prospects / P. Vincenzini -- Natural and synthetic raw materials for classical ceramics manufacture / M. Bertolani -- General view of the ceramic forming processes / Antonio Garcia Verduch -- Preparation of clay bodies for brick fabrication / Antonio Garcia Verduch -- Shaping structural clay products / Antonio Garcia Verduch -- Particle orientation and memory problems in clay bodies / Antonio Garcia Verduch -- Drying of clay bodies / Antonio Garcia Verduch -- Energy saving in brick drying / Antonio Garcia Verduch -- Powders for advanced ceramics: characterization and synthesis / Yoko Suyama and Takashi Yamaguchi -- Processing of advanced bulk ceramic materials / J. Kriegesmann -- Mechanical behavior of ceramics / John Ritter -- An introduction to ferroelectric ceramics and their applications / R.W. Whatmore.</subfield>
            </datafield>
            <datafield tag="650" ind1=" " ind2="0">
               <subfield code="a">Ceramics.</subfield>
            </datafield>
            <datafield tag="700" ind1="1" ind2=" ">
               <subfield code="a">Vincenzini, P.,</subfield>
               <subfield code="d">1939-</subfield>
            </datafield>
            <datafield tag="710" ind1="2" ind2=" ">
               <subfield code="a">Centro Internacional de Física (Colombia)</subfield>
            </datafield>
            <datafield tag="711" ind1="2" ind2=" ">
               <subfield code="a">International Course on Ceramics</subfield>
               <subfield code="n">(1st :</subfield>
               <subfield code="d">1988 :</subfield>
               <subfield code="c">Bogotá, Colombia)</subfield>
            </datafield>
            <datafield tag="999" ind1=" " ind2=" ">
               <subfield code="a">TP807.F86 1991</subfield>
               <subfield code="w">LC</subfield>
               <subfield code="c">1</subfield>
               <subfield code="i">000018250671</subfield>
               <subfield code="d">11/9/2010</subfield>
               <subfield code="e">9/24/2007</subfield>
               <subfield code="l">STACKS-EM</subfield>
               <subfield code="m">UP-EMS</subfield>
               <subfield code="n">29</subfield>
               <subfield code="q">2</subfield>
               <subfield code="r">Y</subfield>
               <subfield code="s">Y</subfield>
               <subfield code="t">BOOK</subfield>
               <subfield code="u">4/13/2001</subfield>
            </datafield>
      </record>
    </metadata>
  </record>