
   <record> 
    <header>
      <identifier>oai:cat.libraries.psu.edu:1455442</identifier> 
      <datestamp>2022-12-16</datestamp>
      <setSpec>BOOK</setSpec> 
    </header>
    <metadata>
      <record xmlns="http://www.loc.gov/MARC21/slim" xsi:schemaLocation="http://www.loc.gov/MARC21/slim http://www.loc.gov/standards/marcxml/schema/MARC21slim.xsd" type="Bibliographic">
         <leader>     nam  22      a 4500</leader>
         <controlfield tag="008">931213t19891989xxua     b    000 0 eng d</controlfield>
            <datafield tag="010" ind1=" " ind2=" ">
               <subfield code="a">   89084189</subfield>
            </datafield>
            <datafield tag="035" ind1=" " ind2=" ">
               <subfield code="a">LIAS1736869</subfield>
            </datafield>
            <datafield tag="035" ind1=" " ind2=" ">
               <subfield code="a">(OCoLC)20772158</subfield>
            </datafield>
            <datafield tag="050" ind1="0" ind2="0">
               <subfield code="a">KF8210.N37</subfield>
               <subfield code="b">S96 1989</subfield>
            </datafield>
            <datafield tag="111" ind1="2" ind2=" ">
               <subfield code="a">Symposium on Indian Water Rights and Water Resources Management</subfield>
               <subfield code="d">(1989 :</subfield>
               <subfield code="c">Helena, Mont.)</subfield>
            </datafield>
            <datafield tag="245" ind1="1" ind2="0">
               <subfield code="a">Proceedings of the Symposium on Indian Water Rights and Water Resources Management /</subfield>
               <subfield code="c">edited by William B. Lord and Mary G. Wallace ; sponsored by American Water Resources Association ; co-sponsored by Bureau of Indian Affairs [and others] ; hosted by Montana Section, AWRA in cooperation with Northern Lights Research and Education Institute.</subfield>
            </datafield>
            <datafield tag="264" ind1=" " ind2="1">
               <subfield code="a">Bethesda, Md. (5410 Grosvenor Ln., Suite 220, Bethesda 20814-2192) :</subfield>
               <subfield code="b">The Association,</subfield>
               <subfield code="c">[1989]</subfield>
            </datafield>
            <datafield tag="264" ind1=" " ind2="4">
               <subfield code="c">©1989</subfield>
            </datafield>
            <datafield tag="300" ind1=" " ind2=" ">
               <subfield code="a">vi, 188 pages :</subfield>
               <subfield code="b">illustrations ;</subfield>
               <subfield code="c">28 cm.</subfield>
            </datafield>
            <datafield tag="490" ind1="1" ind2=" ">
               <subfield code="a">American Water Resources Association technical publication series ;</subfield>
               <subfield code="v">TPS-89-2</subfield>
            </datafield>
            <datafield tag="500" ind1=" " ind2=" ">
               <subfield code="a">Spine title: Symposium proceedings on indian water rights and water resources management.</subfield>
            </datafield>
            <datafield tag="504" ind1=" " ind2=" ">
               <subfield code="a">Includes bibliographical references.</subfield>
            </datafield>
            <datafield tag="650" ind1=" " ind2="0">
               <subfield code="a">Water rights</subfield>
               <subfield code="z">West (U.S.)</subfield>
               <subfield code="v">Congresses.</subfield>
            </datafield>
            <datafield tag="650" ind1=" " ind2="0">
               <subfield code="a">Indians of North America</subfield>
               <subfield code="x">Legal status, laws, etc.</subfield>
               <subfield code="z">West (U.S.)</subfield>
               <subfield code="v">Congresses.</subfield>
            </datafield>
            <datafield tag="700" ind1="1" ind2=" ">
               <subfield code="a">Lord, William B.</subfield>
            </datafield>
            <datafield tag="700" ind1="1" ind2=" ">
               <subfield code="a">Wallace, Mary.</subfield>
            </datafield>
            <datafield tag="710" ind1="2" ind2=" ">
               <subfield code="a">American Water Resources Association.</subfield>
            </datafield>
            <datafield tag="710" ind1="1" ind2=" ">
               <subfield code="a">United States.</subfield>
               <subfield code="b">Bureau of Indian Affairs.</subfield>
            </datafield>
            <datafield tag="710" ind1="2" ind2=" ">
               <subfield code="a">American Water Resources Association.</subfield>
               <subfield code="b">Montana Section.</subfield>
            </datafield>
            <datafield tag="740" ind1="0" ind2=" ">
               <subfield code="a">Symposium proceedings on Indian water rights and water resources management.</subfield>
            </datafield>
            <datafield tag="830" ind1=" " ind2="0">
               <subfield code="a">Technical publication series (American Water Resources Association) ;</subfield>
               <subfield code="v">TPS89-2.</subfield>
            </datafield>
            <datafield tag="999" ind1=" " ind2=" ">
               <subfield code="a">KF8210.N37S96 1989</subfield>
               <subfield code="w">LC</subfield>
               <subfield code="c">1</subfield>
               <subfield code="i">000021675478</subfield>
               <subfield code="d">5/10/1994</subfield>
               <subfield code="e">2/3/1994</subfield>
               <subfield code="l">CATO-2</subfield>
               <subfield code="m">UP-ANNEX</subfield>
               <subfield code="r">Y</subfield>
               <subfield code="s">Y</subfield>
               <subfield code="t">BOOK</subfield>
               <subfield code="u">4/13/2001</subfield>
               <subfield code="z">7197</subfield>
            </datafield>
      </record>
    </metadata>
  </record>