
   <record> 
    <header>
      <identifier>oai:cat.libraries.psu.edu:1455443</identifier> 
      <datestamp>2022-12-16</datestamp>
      <setSpec>BOOK</setSpec> 
    </header>
    <metadata>
      <record xmlns="http://www.loc.gov/MARC21/slim" xsi:schemaLocation="http://www.loc.gov/MARC21/slim http://www.loc.gov/standards/marcxml/schema/MARC21slim.xsd" type="Bibliographic">
         <leader>     nam  22      a 4500</leader>
         <controlfield tag="008">960517s1993    xx ab    b    000 0 eng d</controlfield>
            <datafield tag="010" ind1=" " ind2=" ">
               <subfield code="a">   93209945</subfield>
            </datafield>
            <datafield tag="020" ind1=" " ind2=" ">
               <subfield code="a">1863733809 (pbk.)</subfield>
            </datafield>
            <datafield tag="035" ind1=" " ind2=" ">
               <subfield code="a">LIAS1893401</subfield>
            </datafield>
            <datafield tag="035" ind1=" " ind2=" ">
               <subfield code="a">(OCoLC)28615693</subfield>
            </datafield>
            <datafield tag="050" ind1="0" ind2="4">
               <subfield code="a">DS646.27</subfield>
               <subfield code="b">.R54 1993</subfield>
            </datafield>
            <datafield tag="100" ind1="1" ind2=" ">
               <subfield code="a">Ricklefs, M. C.</subfield>
               <subfield code="q">(Merle Calvin)</subfield>
            </datafield>
            <datafield tag="245" ind1="1" ind2="0">
               <subfield code="a">War, culture, and economy in Java, 1677-1726 :</subfield>
               <subfield code="b">Asian and European imperialism in the early Kartasura period /</subfield>
               <subfield code="c">M.C. Ricklefs.</subfield>
            </datafield>
            <datafield tag="264" ind1=" " ind2="1">
               <subfield code="a">Sydney :</subfield>
               <subfield code="b">Asian Studies Association of Australia in association with Allen &amp; Unwin,</subfield>
               <subfield code="c">1993.</subfield>
            </datafield>
            <datafield tag="300" ind1=" " ind2=" ">
               <subfield code="a">xviii, 425 pages :</subfield>
               <subfield code="b">illustrations, maps ;</subfield>
               <subfield code="c">22 cm.</subfield>
            </datafield>
            <datafield tag="490" ind1="1" ind2=" ">
               <subfield code="a">Southeast Asia publications series ;</subfield>
               <subfield code="v">no. 24</subfield>
            </datafield>
            <datafield tag="504" ind1=" " ind2=" ">
               <subfield code="a">Includes bibliographical references and index.</subfield>
            </datafield>
            <datafield tag="651" ind1=" " ind2="0">
               <subfield code="a">Java (Indonesia)</subfield>
               <subfield code="x">History.</subfield>
            </datafield>
            <datafield tag="651" ind1=" " ind2="0">
               <subfield code="a">Indonesia</subfield>
               <subfield code="x">History</subfield>
               <subfield code="y">1478-1798.</subfield>
            </datafield>
            <datafield tag="651" ind1=" " ind2="0">
               <subfield code="a">Indonesia</subfield>
               <subfield code="x">Politics and government</subfield>
               <subfield code="y">1478-1798.</subfield>
            </datafield>
            <datafield tag="651" ind1=" " ind2="0">
               <subfield code="a">Java (Indonesia)</subfield>
               <subfield code="x">Economic conditions.</subfield>
            </datafield>
            <datafield tag="651" ind1=" " ind2="0">
               <subfield code="a">Java (Indonesia)</subfield>
               <subfield code="x">Social conditions.</subfield>
            </datafield>
            <datafield tag="710" ind1="2" ind2=" ">
               <subfield code="a">Asian Studies Association of Australia.</subfield>
            </datafield>
            <datafield tag="830" ind1=" " ind2="0">
               <subfield code="a">Southeast Asia publications series ;</subfield>
               <subfield code="v">no. 24.</subfield>
            </datafield>
            <datafield tag="999" ind1=" " ind2=" ">
               <subfield code="a">DS646.27.R54 1993</subfield>
               <subfield code="w">LC</subfield>
               <subfield code="c">1</subfield>
               <subfield code="i">000025521115</subfield>
               <subfield code="d">7/29/2017</subfield>
               <subfield code="e">5/21/2017</subfield>
               <subfield code="l">PATTEE-1</subfield>
               <subfield code="m">UP-PAT</subfield>
               <subfield code="n">4</subfield>
               <subfield code="r">Y</subfield>
               <subfield code="s">Y</subfield>
               <subfield code="t">BOOK</subfield>
               <subfield code="u">4/13/2001</subfield>
            </datafield>
      </record>
    </metadata>
  </record>