
   <record> 
    <header>
      <identifier>oai:cat.libraries.psu.edu:1455447</identifier> 
      <datestamp>2022-12-16</datestamp>
      <setSpec>BOOK</setSpec> 
    </header>
    <metadata>
      <record xmlns="http://www.loc.gov/MARC21/slim" xsi:schemaLocation="http://www.loc.gov/MARC21/slim http://www.loc.gov/standards/marcxml/schema/MARC21slim.xsd" type="Bibliographic">
         <leader>     nam  22      a 4500</leader>
         <controlfield tag="008">960118s1995    xxu          f000 0 eng d</controlfield>
            <datafield tag="035" ind1=" " ind2=" ">
               <subfield code="a">LIAS1893402</subfield>
            </datafield>
            <datafield tag="035" ind1=" " ind2=" ">
               <subfield code="a">(OCoLC)33468294</subfield>
            </datafield>
            <datafield tag="245" ind1="0" ind2="0">
               <subfield code="a">Exemption procedures under federal pension law.</subfield>
            </datafield>
            <datafield tag="264" ind1=" " ind2="1">
               <subfield code="a">[Washington, D.C.] :</subfield>
               <subfield code="b">U.S. Dept. of Labor, Pension and Welfare Benefits Administration,</subfield>
               <subfield code="c">1995.</subfield>
            </datafield>
            <datafield tag="300" ind1=" " ind2=" ">
               <subfield code="a">iv, 44 pages ;</subfield>
               <subfield code="c">22 cm</subfield>
            </datafield>
            <datafield tag="500" ind1=" " ind2=" ">
               <subfield code="a">&quot;Provides information about the exemption provisions under Section 408(a) of Title I of the Employee Retirement Income Security Act (ERISA)&quot;--P. iii.</subfield>
            </datafield>
            <datafield tag="500" ind1=" " ind2=" ">
               <subfield code="a">Shipping list no.: 96-0046-P.</subfield>
            </datafield>
            <datafield tag="650" ind1=" " ind2="0">
               <subfield code="a">Pensions</subfield>
               <subfield code="x">Law and legislation</subfield>
               <subfield code="z">United States.</subfield>
            </datafield>
            <datafield tag="710" ind1="1" ind2=" ">
               <subfield code="a">United States.</subfield>
               <subfield code="b">Department of Labor.</subfield>
               <subfield code="b">Pension and Welfare Benefits Administration.</subfield>
            </datafield>
            <datafield tag="999" ind1=" " ind2=" ">
               <subfield code="a">L 40.2:P 38/4</subfield>
               <subfield code="w">SUDOC</subfield>
               <subfield code="c">1</subfield>
               <subfield code="i">000025008265</subfield>
               <subfield code="d">1/18/1996</subfield>
               <subfield code="e">1/19/1996</subfield>
               <subfield code="l">DOC-US</subfield>
               <subfield code="m">UP-PAT</subfield>
               <subfield code="r">Y</subfield>
               <subfield code="s">Y</subfield>
               <subfield code="t">BOOK</subfield>
               <subfield code="u">4/13/2001</subfield>
            </datafield>
      </record>
    </metadata>
  </record>