
   <record> 
    <header>
      <identifier>oai:cat.libraries.psu.edu:1455457</identifier> 
      <datestamp>2022-12-16</datestamp>
      <setSpec>BOOK</setSpec> 
    </header>
    <metadata>
      <record xmlns="http://www.loc.gov/MARC21/slim" xsi:schemaLocation="http://www.loc.gov/MARC21/slim http://www.loc.gov/standards/marcxml/schema/MARC21slim.xsd" type="Bibliographic">
         <leader>     nam  22      a 4500</leader>
         <controlfield tag="008">931213t19931993xxua     b   i000 0 eng d</controlfield>
            <datafield tag="010" ind1=" " ind2=" ">
               <subfield code="a">   93009975</subfield>
            </datafield>
            <datafield tag="020" ind1=" " ind2=" ">
               <subfield code="a">0821323989</subfield>
            </datafield>
            <datafield tag="035" ind1=" " ind2=" ">
               <subfield code="a">LIAS1736873</subfield>
            </datafield>
            <datafield tag="035" ind1=" " ind2=" ">
               <subfield code="a">(OCoLC)27813773</subfield>
            </datafield>
            <datafield tag="050" ind1="0" ind2="0">
               <subfield code="a">HD9502.A2</subfield>
               <subfield code="b">E5443 1993</subfield>
            </datafield>
            <datafield tag="245" ind1="0" ind2="0">
               <subfield code="a">Energy investments and the environment : selected topics :</subfield>
               <subfield code="b">a collection of papers prepared for a workshop organized by the Economic Development Institute of the World Bank in October 1990 /</subfield>
               <subfield code="c">edited by Corazón M. Siddayao with the assistance of Lisa A. Griffin.</subfield>
            </datafield>
            <datafield tag="264" ind1=" " ind2="1">
               <subfield code="a">Washington, D.C. :</subfield>
               <subfield code="b">World Bank,</subfield>
               <subfield code="c">[1993]</subfield>
            </datafield>
            <datafield tag="264" ind1=" " ind2="4">
               <subfield code="c">©1993</subfield>
            </datafield>
            <datafield tag="300" ind1=" " ind2=" ">
               <subfield code="a">xv, 253 pages :</subfield>
               <subfield code="b">illustrations ;</subfield>
               <subfield code="c">28 cm.</subfield>
            </datafield>
            <datafield tag="490" ind1="1" ind2=" ">
               <subfield code="a">EDI technical materials</subfield>
            </datafield>
            <datafield tag="504" ind1=" " ind2=" ">
               <subfield code="a">Includes bibliographical references and index.</subfield>
            </datafield>
            <datafield tag="650" ind1=" " ind2="0">
               <subfield code="a">Energy industries</subfield>
               <subfield code="x">Finance</subfield>
               <subfield code="v">Congresses.</subfield>
            </datafield>
            <datafield tag="650" ind1=" " ind2="0">
               <subfield code="a">Energy industries</subfield>
               <subfield code="x">Environmental aspects</subfield>
               <subfield code="v">Congresses.</subfield>
            </datafield>
            <datafield tag="650" ind1=" " ind2="0">
               <subfield code="a">Investments</subfield>
               <subfield code="x">Moral and ethical aspects</subfield>
               <subfield code="v">Congresses.</subfield>
            </datafield>
            <datafield tag="700" ind1="1" ind2=" ">
               <subfield code="a">Siddayao, Corazón M.</subfield>
            </datafield>
            <datafield tag="700" ind1="1" ind2=" ">
               <subfield code="a">Griffin, Lisa A.,</subfield>
               <subfield code="d">1962-</subfield>
            </datafield>
            <datafield tag="710" ind1="2" ind2=" ">
               <subfield code="a">Economic Development Institute (Washington, D.C.)</subfield>
            </datafield>
            <datafield tag="830" ind1=" " ind2="0">
               <subfield code="a">EDI technical materials.</subfield>
            </datafield>
            <datafield tag="999" ind1=" " ind2=" ">
               <subfield code="a">HD9502.A2E5443 1993</subfield>
               <subfield code="w">LC</subfield>
               <subfield code="c">1</subfield>
               <subfield code="i">000021677731</subfield>
               <subfield code="d">4/15/2010</subfield>
               <subfield code="e">4/2/2010</subfield>
               <subfield code="l">PATERNO-3</subfield>
               <subfield code="m">UP-PAT</subfield>
               <subfield code="n">6</subfield>
               <subfield code="r">Y</subfield>
               <subfield code="s">Y</subfield>
               <subfield code="t">BOOK</subfield>
               <subfield code="u">4/13/2001</subfield>
            </datafield>
      </record>
    </metadata>
  </record>