
   <record> 
    <header>
      <identifier>oai:cat.libraries.psu.edu:1455471</identifier> 
      <datestamp>2022-12-16</datestamp>
      <setSpec>BOOK</setSpec> 
    </header>
    <metadata>
      <record xmlns="http://www.loc.gov/MARC21/slim" xsi:schemaLocation="http://www.loc.gov/MARC21/slim http://www.loc.gov/standards/marcxml/schema/MARC21slim.xsd" type="Bibliographic">
         <leader>     nam  22     1a 4500</leader>
         <controlfield tag="008">971210s1997    xx            000 0 eng d</controlfield>
            <datafield tag="020" ind1=" " ind2=" ">
               <subfield code="a">9282801748</subfield>
            </datafield>
            <datafield tag="035" ind1=" " ind2=" ">
               <subfield code="a">LIAS2053391</subfield>
            </datafield>
            <datafield tag="035" ind1=" " ind2=" ">
               <subfield code="a">(OCoLC)37879190</subfield>
            </datafield>
            <datafield tag="050" ind1="1" ind2="4">
               <subfield code="a">LB2823</subfield>
               <subfield code="b">.A75 1997</subfield>
            </datafield>
            <datafield tag="245" ind1="0" ind2="0">
               <subfield code="a">Arion scheme of study visits for education specialists :</subfield>
               <subfield code="b">report of activities in 1995-96.</subfield>
            </datafield>
            <datafield tag="264" ind1=" " ind2="1">
               <subfield code="a">Luxembourg :</subfield>
               <subfield code="b">Office for Official Publications of the European Communities,</subfield>
               <subfield code="c">1997.</subfield>
            </datafield>
            <datafield tag="264" ind1=" " ind2="2">
               <subfield code="a">Lanham, Md. :</subfield>
               <subfield code="b">Bernan Associates</subfield>
            </datafield>
            <datafield tag="300" ind1=" " ind2=" ">
               <subfield code="a">55 pages ;</subfield>
               <subfield code="c">30 cm</subfield>
            </datafield>
            <datafield tag="500" ind1=" " ind2=" ">
               <subfield code="a">&quot;C2-04-97-872-EN-C&quot;--P. [4] of cover.</subfield>
            </datafield>
            <datafield tag="500" ind1=" " ind2=" ">
               <subfield code="a">On cover: Education, Training, Youth.</subfield>
            </datafield>
            <datafield tag="500" ind1=" " ind2=" ">
               <subfield code="a">On cover: European Commission.</subfield>
            </datafield>
            <datafield tag="583" ind1=" " ind2="1">
               <subfield code="a">committed to retain</subfield>
               <subfield code="c">20170930</subfield>
               <subfield code="d">20430101</subfield>
               <subfield code="f">HathiTrust</subfield>
               <subfield code="u">https://www.hathitrust.org/shared_print_program</subfield>
               <subfield code="5">PSt</subfield>
            </datafield>
            <datafield tag="650" ind1=" " ind2="0">
               <subfield code="a">Educational surveys</subfield>
               <subfield code="z">European Union countries.</subfield>
            </datafield>
            <datafield tag="650" ind1=" " ind2="0">
               <subfield code="a">Educational surveys</subfield>
               <subfield code="z">Europe, Central.</subfield>
            </datafield>
            <datafield tag="650" ind1=" " ind2="0">
               <subfield code="a">Educational surveys</subfield>
               <subfield code="z">Europe, Eastern.</subfield>
            </datafield>
            <datafield tag="710" ind1="2" ind2=" ">
               <subfield code="a">European Commission.</subfield>
            </datafield>
            <datafield tag="999" ind1=" " ind2=" ">
               <subfield code="a">EC 1.2:A 74</subfield>
               <subfield code="w">SUDOC</subfield>
               <subfield code="c">1</subfield>
               <subfield code="i">000031926843</subfield>
               <subfield code="d">12/10/1997</subfield>
               <subfield code="e">12/10/1997</subfield>
               <subfield code="l">DOC-INTL</subfield>
               <subfield code="m">UP-PAT</subfield>
               <subfield code="r">Y</subfield>
               <subfield code="s">Y</subfield>
               <subfield code="t">BOOK</subfield>
               <subfield code="u">4/13/2001</subfield>
               <subfield code="o">.STAFF. This item is part of PSUL's commitment to the HathiTrust Shared Print Program. At least one physical copy must be retained in PSUL's holdings until January 1st, 2043.</subfield>
            </datafield>
      </record>
    </metadata>
  </record>