
   <record> 
    <header>
      <identifier>oai:cat.libraries.psu.edu:1455473</identifier> 
      <datestamp>2022-12-16</datestamp>
      <setSpec>BOOK</setSpec> 
    </header>
    <metadata>
      <record xmlns="http://www.loc.gov/MARC21/slim" xsi:schemaLocation="http://www.loc.gov/MARC21/slim http://www.loc.gov/standards/marcxml/schema/MARC21slim.xsd" type="Bibliographic">
         <leader>     nam  22     Ia 4500</leader>
         <controlfield tag="008">931213s1993    xxu      b   i000 0 eng d</controlfield>
            <datafield tag="010" ind1=" " ind2=" ">
               <subfield code="a">   93022746</subfield>
            </datafield>
            <datafield tag="020" ind1=" " ind2=" ">
               <subfield code="a">1557752818</subfield>
            </datafield>
            <datafield tag="035" ind1=" " ind2=" ">
               <subfield code="a">LIAS1736877</subfield>
            </datafield>
            <datafield tag="035" ind1=" " ind2=" ">
               <subfield code="a">(OCoLC)28183907</subfield>
            </datafield>
            <datafield tag="050" ind1="0" ind2="0">
               <subfield code="a">HG293</subfield>
               <subfield code="b">.O28 1993</subfield>
            </datafield>
            <datafield tag="100" ind1="1" ind2=" ">
               <subfield code="a">O'Callaghan, Gary.</subfield>
            </datafield>
            <datafield tag="245" ind1="1" ind2="4">
               <subfield code="a">The structure and operation of the world gold market /</subfield>
               <subfield code="c">Gary O'Callaghan.</subfield>
            </datafield>
            <datafield tag="264" ind1=" " ind2="1">
               <subfield code="a">Washington, DC :</subfield>
               <subfield code="b">International Monetary Fund,</subfield>
               <subfield code="c">1993.</subfield>
            </datafield>
            <datafield tag="300" ind1=" " ind2=" ">
               <subfield code="a">v, 39 pages ;</subfield>
               <subfield code="c">28 cm.</subfield>
            </datafield>
            <datafield tag="490" ind1="1" ind2=" ">
               <subfield code="a">Occasional paper ;</subfield>
               <subfield code="v">105</subfield>
            </datafield>
            <datafield tag="500" ind1=" " ind2=" ">
               <subfield code="a">&quot;September 1993.&quot;</subfield>
            </datafield>
            <datafield tag="504" ind1=" " ind2=" ">
               <subfield code="a">Includes bibliographical references (pages 36-39).</subfield>
            </datafield>
            <datafield tag="650" ind1=" " ind2="0">
               <subfield code="a">Gold.</subfield>
            </datafield>
            <datafield tag="650" ind1=" " ind2="0">
               <subfield code="a">Gold</subfield>
               <subfield code="x">Purchasing.</subfield>
            </datafield>
            <datafield tag="740" ind1="0" ind2=" ">
               <subfield code="a">Gold market.</subfield>
            </datafield>
            <datafield tag="830" ind1=" " ind2="0">
               <subfield code="a">Occasional paper (International Monetary Fund) ;</subfield>
               <subfield code="v">no. 105.</subfield>
            </datafield>
            <datafield tag="999" ind1=" " ind2=" ">
               <subfield code="a">HG3881.I66 no.105</subfield>
               <subfield code="w">LC</subfield>
               <subfield code="c">1</subfield>
               <subfield code="i">000021755293</subfield>
               <subfield code="d">12/13/1993</subfield>
               <subfield code="e">2/5/1995</subfield>
               <subfield code="l">PATERNO-3</subfield>
               <subfield code="m">UP-PAT</subfield>
               <subfield code="n">1</subfield>
               <subfield code="r">Y</subfield>
               <subfield code="s">Y</subfield>
               <subfield code="t">BOOK</subfield>
               <subfield code="u">4/13/2001</subfield>
            </datafield>
      </record>
    </metadata>
  </record>