
   <record> 
    <header>
      <identifier>oai:cat.libraries.psu.edu:1455475</identifier> 
      <datestamp>2022-12-16</datestamp>
      <setSpec>BOOK</setSpec> 
    </header>
    <metadata>
      <record xmlns="http://www.loc.gov/MARC21/slim" xsi:schemaLocation="http://www.loc.gov/MARC21/slim http://www.loc.gov/standards/marcxml/schema/MARC21slim.xsd" type="Bibliographic">
         <leader>     nam  22     8a 4500</leader>
         <controlfield tag="008">980512s1997    xxua     b    000 0 eng d</controlfield>
            <datafield tag="010" ind1=" " ind2=" ">
               <subfield code="a">   97068770</subfield>
            </datafield>
            <datafield tag="020" ind1=" " ind2=" ">
               <subfield code="a">1557525110</subfield>
            </datafield>
            <datafield tag="035" ind1=" " ind2=" ">
               <subfield code="a">LIAS2053392</subfield>
            </datafield>
            <datafield tag="035" ind1=" " ind2=" ">
               <subfield code="a">(OCoLC)316819473</subfield>
            </datafield>
            <datafield tag="245" ind1="0" ind2="0">
               <subfield code="a">Organic thin films for photonic applications :</subfield>
               <subfield code="b">technical digest : October 15-17, 1997, Hyatt Regency Long Beach /</subfield>
               <subfield code="c">partial support provided by U.S. Air Force Office of Scientific Research and Akzo Nobel Photonics ; cosponsored by American Chemical Society and Optical Society of America.</subfield>
            </datafield>
            <datafield tag="250" ind1=" " ind2=" ">
               <subfield code="a">Postconference ed.</subfield>
            </datafield>
            <datafield tag="264" ind1=" " ind2="1">
               <subfield code="a">Washington, D.C. :</subfield>
               <subfield code="b">Optical Society of America,</subfield>
               <subfield code="c">1997.</subfield>
            </datafield>
            <datafield tag="300" ind1=" " ind2=" ">
               <subfield code="a">xiv, 269 pages :</subfield>
               <subfield code="b">illustrations ;</subfield>
               <subfield code="c">28 cm.</subfield>
            </datafield>
            <datafield tag="490" ind1="1" ind2=" ">
               <subfield code="a">1997 technical digest series ;</subfield>
               <subfield code="v">vol. 14</subfield>
            </datafield>
            <datafield tag="504" ind1=" " ind2=" ">
               <subfield code="a">Includes bibliographical references and index.</subfield>
            </datafield>
            <datafield tag="583" ind1=" " ind2="1">
               <subfield code="a">committed to retain</subfield>
               <subfield code="c">20170930</subfield>
               <subfield code="d">20430101</subfield>
               <subfield code="f">HathiTrust</subfield>
               <subfield code="u">https://www.hathitrust.org/shared_print_program</subfield>
               <subfield code="5">PSt</subfield>
            </datafield>
            <datafield tag="650" ind1=" " ind2="0">
               <subfield code="a">Photonics</subfield>
               <subfield code="x">Materials</subfield>
               <subfield code="v">Congresses.</subfield>
            </datafield>
            <datafield tag="650" ind1=" " ind2="0">
               <subfield code="a">Thin films</subfield>
               <subfield code="x">Materials</subfield>
               <subfield code="v">Congresses.</subfield>
            </datafield>
            <datafield tag="650" ind1=" " ind2="0">
               <subfield code="a">Organic compounds</subfield>
               <subfield code="v">Congresses.</subfield>
            </datafield>
            <datafield tag="650" ind1=" " ind2="0">
               <subfield code="a">Polymers</subfield>
               <subfield code="v">Congresses.</subfield>
            </datafield>
            <datafield tag="650" ind1=" " ind2="0">
               <subfield code="a">Optoelectronic devices</subfield>
               <subfield code="x">Materials</subfield>
               <subfield code="v">Congresses.</subfield>
            </datafield>
            <datafield tag="650" ind1=" " ind2="0">
               <subfield code="a">Optical fibers</subfield>
               <subfield code="x">Materials</subfield>
               <subfield code="v">Congresses.</subfield>
            </datafield>
            <datafield tag="710" ind1="2" ind2=" ">
               <subfield code="a">Optical Society of America.</subfield>
            </datafield>
            <datafield tag="710" ind1="2" ind2=" ">
               <subfield code="a">American Chemical Society.</subfield>
            </datafield>
            <datafield tag="710" ind1="1" ind2=" ">
               <subfield code="a">United States.</subfield>
               <subfield code="b">Air Force.</subfield>
               <subfield code="b">Office of Scientific Research.</subfield>
            </datafield>
            <datafield tag="710" ind1="2" ind2=" ">
               <subfield code="a">Akzo Nobel Photonics.</subfield>
            </datafield>
            <datafield tag="830" ind1=" " ind2="0">
               <subfield code="a">Technical digest series (Optical Society of America) ;</subfield>
               <subfield code="v">1997, v. 21.</subfield>
            </datafield>
            <datafield tag="999" ind1=" " ind2=" ">
               <subfield code="a">TA1505.O74 1997</subfield>
               <subfield code="w">LC</subfield>
               <subfield code="c">1</subfield>
               <subfield code="i">000032560572</subfield>
               <subfield code="d">8/30/2010</subfield>
               <subfield code="e">7/19/2010</subfield>
               <subfield code="l">STACKS-EM</subfield>
               <subfield code="m">UP-EMS</subfield>
               <subfield code="n">3</subfield>
               <subfield code="q">1</subfield>
               <subfield code="r">Y</subfield>
               <subfield code="s">Y</subfield>
               <subfield code="t">BOOK</subfield>
               <subfield code="u">4/13/2001</subfield>
               <subfield code="o">.STAFF. Digitized Copy Instructions: Do not delete or replace the barcode in this item record. It links to the digitized copy of this volume. If WITHDRAWING the volume or REPLACING a barcode, update the item record to reflect an ONLINE resource. Add a new barcode by adding a second item record. See Access Services Training Bulletin no. 25 for full instructions.</subfield>
               <subfield code="o">.STAFF. This item is part of PSUL's commitment to the HathiTrust Shared Print Program. At least one physical copy must be retained in PSUL's holdings until January 1st, 2043.</subfield>
            </datafield>
      </record>
    </metadata>
  </record>