
   <record> 
    <header>
      <identifier>oai:cat.libraries.psu.edu:1455482</identifier> 
      <datestamp>2022-12-16</datestamp>
      <setSpec>BOOK</setSpec> 
    </header>
    <metadata>
      <record xmlns="http://www.loc.gov/MARC21/slim" xsi:schemaLocation="http://www.loc.gov/MARC21/slim http://www.loc.gov/standards/marcxml/schema/MARC21slim.xsd" type="Bibliographic">
         <leader>     nam  22     8a 4500</leader>
         <controlfield tag="008">960118s1995    xxu      b    000 0 eng d</controlfield>
            <datafield tag="010" ind1=" " ind2=" ">
               <subfield code="a">   95039018</subfield>
            </datafield>
            <datafield tag="020" ind1=" " ind2=" ">
               <subfield code="a">0833023225 (alk. paper)</subfield>
            </datafield>
            <datafield tag="035" ind1=" " ind2=" ">
               <subfield code="a">LIAS1893412</subfield>
            </datafield>
            <datafield tag="035" ind1=" " ind2=" ">
               <subfield code="a">(OCoLC)33206969</subfield>
            </datafield>
            <datafield tag="050" ind1="0" ind2="0">
               <subfield code="a">UG793</subfield>
               <subfield code="b">.T68 1995</subfield>
            </datafield>
            <datafield tag="245" ind1="0" ind2="0">
               <subfield code="a">Total force pilot requirements and management :</subfield>
               <subfield code="b">an executive summary /</subfield>
               <subfield code="c">Harry J. Thie [and others].</subfield>
            </datafield>
            <datafield tag="264" ind1=" " ind2="1">
               <subfield code="a">Santa Monica, CA :</subfield>
               <subfield code="b">RAND,</subfield>
               <subfield code="c">1995.</subfield>
            </datafield>
            <datafield tag="300" ind1=" " ind2=" ">
               <subfield code="a">xi, 35 pages :</subfield>
               <subfield code="b">illustrations ;</subfield>
               <subfield code="c">28 cm</subfield>
            </datafield>
            <datafield tag="500" ind1=" " ind2=" ">
               <subfield code="a">&quot;National Defense Research Institute.&quot;</subfield>
            </datafield>
            <datafield tag="500" ind1=" " ind2=" ">
               <subfield code="a">&quot;Prepared for the Office of the Secretary of Defense.&quot;</subfield>
            </datafield>
            <datafield tag="504" ind1=" " ind2=" ">
               <subfield code="a">Includes bibliographical references (p. ).</subfield>
            </datafield>
            <datafield tag="610" ind1="1" ind2="0">
               <subfield code="a">United States.</subfield>
               <subfield code="b">Air Force</subfield>
               <subfield code="x">Officers</subfield>
               <subfield code="x">Supply and demand.</subfield>
            </datafield>
            <datafield tag="610" ind1="1" ind2="0">
               <subfield code="a">United States.</subfield>
               <subfield code="b">Air Force</subfield>
               <subfield code="x">Personnel management.</subfield>
            </datafield>
            <datafield tag="650" ind1=" " ind2="0">
               <subfield code="a">Air pilots, Military</subfield>
               <subfield code="x">Supply and demand</subfield>
               <subfield code="z">United States.</subfield>
            </datafield>
            <datafield tag="700" ind1="1" ind2=" ">
               <subfield code="a">Thie, Harry.</subfield>
            </datafield>
            <datafield tag="710" ind1="2" ind2=" ">
               <subfield code="a">National Defense Research Institute (U.S.)</subfield>
            </datafield>
            <datafield tag="710" ind1="1" ind2=" ">
               <subfield code="a">United States.</subfield>
               <subfield code="b">Department of Defense.</subfield>
               <subfield code="b">Office of the Secretary of Defense.</subfield>
            </datafield>
            <datafield tag="999" ind1=" " ind2=" ">
               <subfield code="a">UG793.T68 1995</subfield>
               <subfield code="w">LC</subfield>
               <subfield code="c">1</subfield>
               <subfield code="i">000025006643</subfield>
               <subfield code="d">4/16/2015</subfield>
               <subfield code="e">1/22/1996</subfield>
               <subfield code="f">4/16/2015</subfield>
               <subfield code="g">1</subfield>
               <subfield code="l">PATERNO-3</subfield>
               <subfield code="m">UP-PAT</subfield>
               <subfield code="r">Y</subfield>
               <subfield code="s">Y</subfield>
               <subfield code="t">BOOK</subfield>
               <subfield code="u">4/13/2001</subfield>
            </datafield>
      </record>
    </metadata>
  </record>