
   <record> 
    <header>
      <identifier>oai:cat.libraries.psu.edu:1455485</identifier> 
      <datestamp>2022-12-16</datestamp>
      <setSpec>BOOK</setSpec> 
      <setSpec>BOOKFLOAT</setSpec> 
    </header>
    <metadata>
      <record xmlns="http://www.loc.gov/MARC21/slim" xsi:schemaLocation="http://www.loc.gov/MARC21/slim http://www.loc.gov/standards/marcxml/schema/MARC21slim.xsd" type="Bibliographic">
         <leader>     nam  22     Ia 4500</leader>
         <controlfield tag="008">931213t19931993xxu      b    000 0 eng d</controlfield>
            <datafield tag="010" ind1=" " ind2=" ">
               <subfield code="a">   93007655</subfield>
            </datafield>
            <datafield tag="020" ind1=" " ind2=" ">
               <subfield code="a">0805770283</subfield>
            </datafield>
            <datafield tag="035" ind1=" " ind2=" ">
               <subfield code="a">LIAS1736880</subfield>
            </datafield>
            <datafield tag="035" ind1=" " ind2=" ">
               <subfield code="a">(OCoLC)27812904</subfield>
            </datafield>
            <datafield tag="050" ind1="0" ind2="0">
               <subfield code="a">PR6062.I89</subfield>
               <subfield code="b">Z77 1993</subfield>
            </datafield>
            <datafield tag="100" ind1="1" ind2=" ">
               <subfield code="a">Moran, Molly Hurley,</subfield>
               <subfield code="d">1947-</subfield>
            </datafield>
            <datafield tag="245" ind1="1" ind2="0">
               <subfield code="a">Penelope Lively /</subfield>
               <subfield code="c">Mary Hurley Moran.</subfield>
            </datafield>
            <datafield tag="264" ind1=" " ind2="1">
               <subfield code="a">New York :</subfield>
               <subfield code="b">Twayne Publishers ;</subfield>
               <subfield code="a">Toronto :</subfield>
               <subfield code="b">Maxwell Macmillan Canada ;</subfield>
               <subfield code="a">New York :</subfield>
               <subfield code="b">Maxwell Macmillan International,</subfield>
               <subfield code="c">[1993]</subfield>
            </datafield>
            <datafield tag="264" ind1=" " ind2="4">
               <subfield code="c">©1993</subfield>
            </datafield>
            <datafield tag="300" ind1=" " ind2=" ">
               <subfield code="a">xiii, 170 pages :</subfield>
               <subfield code="b">portrait ;</subfield>
               <subfield code="c">22 cm.</subfield>
            </datafield>
            <datafield tag="490" ind1="1" ind2=" ">
               <subfield code="a">Twayne's English authors series ;</subfield>
               <subfield code="v">TEAS 503</subfield>
            </datafield>
            <datafield tag="504" ind1=" " ind2=" ">
               <subfield code="a">Includes bibliographical references (pages 161-166) and index.</subfield>
            </datafield>
            <datafield tag="600" ind1="1" ind2="0">
               <subfield code="a">Lively, Penelope,</subfield>
               <subfield code="d">1933-</subfield>
               <subfield code="x">Criticism and interpretation.</subfield>
            </datafield>
            <datafield tag="830" ind1=" " ind2="0">
               <subfield code="a">Twayne's English authors series ;</subfield>
               <subfield code="v">TEAS 503.</subfield>
            </datafield>
            <datafield tag="999" ind1=" " ind2=" ">
               <subfield code="a">PR6062.I89Z77 1993</subfield>
               <subfield code="w">LC</subfield>
               <subfield code="c">1</subfield>
               <subfield code="i">000023161405</subfield>
               <subfield code="d">12/21/2006</subfield>
               <subfield code="e">12/4/2006</subfield>
               <subfield code="l">STACKS-BR</subfield>
               <subfield code="m">BEAVER</subfield>
               <subfield code="n">1</subfield>
               <subfield code="r">Y</subfield>
               <subfield code="s">Y</subfield>
               <subfield code="t">BOOKFLOAT</subfield>
               <subfield code="u">4/13/2001</subfield>
            </datafield>
            <datafield tag="999" ind1=" " ind2=" ">
               <subfield code="a">PR6062.I89Z77 1993</subfield>
               <subfield code="w">LC</subfield>
               <subfield code="c">1</subfield>
               <subfield code="i">000021843587</subfield>
               <subfield code="d">12/17/2006</subfield>
               <subfield code="e">11/17/2006</subfield>
               <subfield code="l">PATTEE-3</subfield>
               <subfield code="m">UP-PAT</subfield>
               <subfield code="n">5</subfield>
               <subfield code="r">Y</subfield>
               <subfield code="s">Y</subfield>
               <subfield code="t">BOOK</subfield>
               <subfield code="u">4/13/2001</subfield>
            </datafield>
      </record>
    </metadata>
  </record>