
   <record> 
    <header>
      <identifier>oai:cat.libraries.psu.edu:1455496</identifier> 
      <datestamp>2022-12-16</datestamp>
      <setSpec>BOOK</setSpec> 
    </header>
    <metadata>
      <record xmlns="http://www.loc.gov/MARC21/slim" xsi:schemaLocation="http://www.loc.gov/MARC21/slim http://www.loc.gov/standards/marcxml/schema/MARC21slim.xsd" type="Bibliographic">
         <leader>     nas  22        4500</leader>
         <controlfield tag="008">931213t19901990xxka     b    000 0 eng d</controlfield>
            <datafield tag="020" ind1=" " ind2=" ">
               <subfield code="a">9290291761</subfield>
            </datafield>
            <datafield tag="035" ind1=" " ind2=" ">
               <subfield code="a">LIAS1736883</subfield>
            </datafield>
            <datafield tag="035" ind1=" " ind2=" ">
               <subfield code="a">(OCoLC)22548952</subfield>
            </datafield>
            <datafield tag="050" ind1="1" ind2="4">
               <subfield code="a">TP329</subfield>
               <subfield code="b">.C682 1990</subfield>
            </datafield>
            <datafield tag="100" ind1="1" ind2=" ">
               <subfield code="a">Couch, Gordon R.</subfield>
            </datafield>
            <datafield tag="245" ind1="1" ind2="0">
               <subfield code="a">Lignite upgrading /</subfield>
               <subfield code="c">Gordon R Couch.</subfield>
            </datafield>
            <datafield tag="264" ind1=" " ind2="1">
               <subfield code="a">London :</subfield>
               <subfield code="b">IEA Coal Research,</subfield>
               <subfield code="c">[1990]</subfield>
            </datafield>
            <datafield tag="264" ind1=" " ind2="4">
               <subfield code="c">©1990</subfield>
            </datafield>
            <datafield tag="300" ind1=" " ind2=" ">
               <subfield code="a">72 pages :</subfield>
               <subfield code="b">illustrations ;</subfield>
               <subfield code="c">30 cm</subfield>
            </datafield>
            <datafield tag="500" ind1=" " ind2=" ">
               <subfield code="a">&quot;IEACR/23&quot;--t.p.</subfield>
            </datafield>
            <datafield tag="500" ind1=" " ind2=" ">
               <subfield code="a">&quot;May 1990&quot;--t.p.</subfield>
            </datafield>
            <datafield tag="504" ind1=" " ind2=" ">
               <subfield code="a">Includes bibliographical references (pages 68-72).</subfield>
            </datafield>
            <datafield tag="505" ind1="0" ind2=" ">
               <subfield code="a">PROCESSES CONSIDERED -- LIGNITE COMPOSITION AND PROPERTIES: Lignite structure and water absorption characteristics -- Moisture content and removal -- Analytical procedures -- TRANSPORT: A recent case study -- EVAPORATIVE DRYING: Flash drying (flash mill drying) -- Rotary drum drying -- Steam tube (tubular) drying -- Fluidised bed drying -- Swirl tube drying -- Drying and oil treatment -- Solar drying -- The production and use of dry lignite powder in the FRG -- Densification -- Microwave drying -- PRESS DEWATERING -- DRYING WITH SIMULTANEOUS THERMAL UPGRADING: Fleissner process -- Evans-Siemon process -- UNDEMRC hot water process -- UNDEMRC steam process -- Bechtel hydrothermal process -- SPC process -- IGT process -- Koppelman process -- WECO process -- Hitachi process -- Mitsubishi process -- DK process (Kawasaki Industries) -- Thermocoal process (USSR) -- BENEFICIATION: Conventional preparation -- Froth flotation -- Oil agglomeration -- Ion exchange -- BRIQUETTING AND PELLETISING: Binderless briquettes -- Lignipel process for pelletising -- CARBONISATION, GASIFICATION AND LIQUEFACTION: Carbonisation -- Gasification -- Liquefaction.</subfield>
            </datafield>
            <datafield tag="650" ind1=" " ind2="0">
               <subfield code="a">Lignite</subfield>
               <subfield code="x">Drying.</subfield>
            </datafield>
            <datafield tag="650" ind1=" " ind2="0">
               <subfield code="a">Lignite.</subfield>
            </datafield>
            <datafield tag="710" ind1="2" ind2=" ">
               <subfield code="a">IEA Coal Research.</subfield>
            </datafield>
            <datafield tag="999" ind1=" " ind2=" ">
               <subfield code="a">TP329.C682 1990</subfield>
               <subfield code="w">LC</subfield>
               <subfield code="c">1</subfield>
               <subfield code="i">000021675416</subfield>
               <subfield code="d">8/12/2016</subfield>
               <subfield code="e">8/8/2016</subfield>
               <subfield code="l">STACKS-EM</subfield>
               <subfield code="m">UP-EMS</subfield>
               <subfield code="n">21</subfield>
               <subfield code="r">Y</subfield>
               <subfield code="s">Y</subfield>
               <subfield code="t">BOOK</subfield>
               <subfield code="u">4/13/2001</subfield>
            </datafield>
      </record>
    </metadata>
  </record>