
   <record> 
    <header>
      <identifier>oai:cat.libraries.psu.edu:1455503</identifier> 
      <datestamp>2022-12-16</datestamp>
      <setSpec>MICROFORM</setSpec> 
    </header>
    <metadata>
      <record xmlns="http://www.loc.gov/MARC21/slim" xsi:schemaLocation="http://www.loc.gov/MARC21/slim http://www.loc.gov/standards/marcxml/schema/MARC21slim.xsd" type="Bibliographic">
         <leader>     nam  22      a 4500</leader>
         <controlfield tag="008">910809s1990    xxu      b   f000 0 eng d</controlfield>
            <datafield tag="010" ind1=" " ind2=" ">
               <subfield code="a">   90600708</subfield>
            </datafield>
            <datafield tag="035" ind1=" " ind2=" ">
               <subfield code="a">LIAS1579723</subfield>
            </datafield>
            <datafield tag="035" ind1=" " ind2=" ">
               <subfield code="a">(OCoLC)24179005</subfield>
            </datafield>
            <datafield tag="050" ind1="0" ind2="0">
               <subfield code="a">KF27</subfield>
               <subfield code="b">.P89624 1989f</subfield>
            </datafield>
            <datafield tag="110" ind1="1" ind2=" ">
               <subfield code="a">United States.</subfield>
               <subfield code="b">Congress.</subfield>
               <subfield code="b">House.</subfield>
               <subfield code="b">Committee on Public Works and Transportation.</subfield>
               <subfield code="b">Subcommittee on Aviation.</subfield>
            </datafield>
            <datafield tag="245" ind1="1" ind2="4">
               <subfield code="a">The civil penalty assessment demonstration program of the Federal Aviation Administration :</subfield>
               <subfield code="b">hearing before the Subcommittee on Aviation of the Committee on Public Works and Transportation, House of Representatives, One Hundred First Congress, first session, November 15, 1989.</subfield>
            </datafield>
            <datafield tag="264" ind1=" " ind2="1">
               <subfield code="a">Washington :</subfield>
               <subfield code="b">U.S. G.P.O.,</subfield>
               <subfield code="c">1990.</subfield>
            </datafield>
            <datafield tag="264" ind1=" " ind2="2">
               <subfield code="a">Washington :</subfield>
               <subfield code="b">For sale by the Supt. of Docs., Congressional Sales Office, U.S. G.P.O.</subfield>
            </datafield>
            <datafield tag="300" ind1=" " ind2=" ">
               <subfield code="a">xiii, 314 pages ;</subfield>
               <subfield code="c">24 cm</subfield>
            </datafield>
            <datafield tag="500" ind1=" " ind2=" ">
               <subfield code="a">&quot;101-22.&quot;</subfield>
            </datafield>
            <datafield tag="504" ind1=" " ind2=" ">
               <subfield code="a">Includes bibliographical references.</subfield>
            </datafield>
            <datafield tag="610" ind1="1" ind2="0">
               <subfield code="a">United States.</subfield>
               <subfield code="b">Federal Aviation Administration.</subfield>
            </datafield>
            <datafield tag="650" ind1=" " ind2="0">
               <subfield code="a">Aeronautics, Commercial</subfield>
               <subfield code="x">Safety regulations</subfield>
               <subfield code="z">United States.</subfield>
            </datafield>
            <datafield tag="650" ind1=" " ind2="0">
               <subfield code="a">Fines (Penalties)</subfield>
               <subfield code="z">United States.</subfield>
            </datafield>
            <datafield tag="650" ind1=" " ind2="0">
               <subfield code="a">Administrative procedure</subfield>
               <subfield code="z">United States.</subfield>
            </datafield>
            <datafield tag="533" ind1=" " ind2=" ">
               <subfield code="a">Microform.</subfield>
               <subfield code="b">Washington, D.C.,</subfield>
               <subfield code="c">U.S. G.P.O.,</subfield>
               <subfield code="d">1991.</subfield>
               <subfield code="e">4 microfiches : negative.</subfield>
            </datafield>
            <datafield tag="999" ind1=" " ind2=" ">
               <subfield code="a">Y 4.P 96/11:101-22</subfield>
               <subfield code="w">SUDOC</subfield>
               <subfield code="c">1</subfield>
               <subfield code="i">1455503-1001</subfield>
               <subfield code="d">8/9/1991</subfield>
               <subfield code="l">DOC-US</subfield>
               <subfield code="m">UP-PAT</subfield>
               <subfield code="r">Y</subfield>
               <subfield code="s">Y</subfield>
               <subfield code="t">MICROFORM</subfield>
               <subfield code="u">4/13/2001</subfield>
            </datafield>
      </record>
    </metadata>
  </record>