
   <record> 
    <header>
      <identifier>oai:cat.libraries.psu.edu:1455506</identifier> 
      <datestamp>2022-12-16</datestamp>
      <setSpec>ONLINE</setSpec> 
      <setSpec>PERIODICAL</setSpec> 
    </header>
    <metadata>
      <record xmlns="http://www.loc.gov/MARC21/slim" xsi:schemaLocation="http://www.loc.gov/MARC21/slim http://www.loc.gov/standards/marcxml/schema/MARC21slim.xsd" type="Bibliographic">
         <leader>     nam  22     8a 4500</leader>
         <controlfield tag="008">960118c19939999enkmx p       0   a0eng d</controlfield>
            <datafield tag="010" ind1=" " ind2=" ">
               <subfield code="a">sn 93031824</subfield>
            </datafield>
            <datafield tag="022" ind1=" " ind2=" ">
               <subfield code="a">0966-9582</subfield>
            </datafield>
            <datafield tag="035" ind1=" " ind2=" ">
               <subfield code="a">LIAS1893418</subfield>
            </datafield>
            <datafield tag="035" ind1=" " ind2=" ">
               <subfield code="a">(CStRLIN)CUBGGLAD151087746-S</subfield>
            </datafield>
            <datafield tag="035" ind1=" " ind2=" ">
               <subfield code="a">(OCoLC)28536725</subfield>
            </datafield>
            <datafield tag="050" ind1="1" ind2="4">
               <subfield code="a">G155.A1</subfield>
               <subfield code="b">J8</subfield>
            </datafield>
            <datafield tag="245" ind1="0" ind2="0">
               <subfield code="a">Journal of sustainable tourism.</subfield>
            </datafield>
            <datafield tag="246" ind1="1" ind2="0">
               <subfield code="a">Sustainable tourism</subfield>
            </datafield>
            <datafield tag="264" ind1=" " ind2="1">
               <subfield code="a">Clevedon, Avon, UK :</subfield>
               <subfield code="b">Channel View Books/Multilingual Matters Ltd.,</subfield>
               <subfield code="c">1993-</subfield>
            </datafield>
            <datafield tag="264" ind1="3" ind2="1">
               <subfield code="3">&lt;2016-&gt;:</subfield>
               <subfield code="a">Abingdon, Oxon, UK :</subfield>
               <subfield code="b">Routledge, Taylor &amp; Francis Group</subfield>
            </datafield>
            <datafield tag="264" ind1=" " ind2="4">
               <subfield code="c">©1993-</subfield>
            </datafield>
            <datafield tag="300" ind1=" " ind2=" ">
               <subfield code="a">volumes :</subfield>
               <subfield code="b">illustrations ;</subfield>
               <subfield code="c">25 cm</subfield>
            </datafield>
            <datafield tag="310" ind1=" " ind2=" ">
               <subfield code="a">12 no. a year,</subfield>
               <subfield code="b">2016-</subfield>
            </datafield>
            <datafield tag="321" ind1=" " ind2=" ">
               <subfield code="a">Two issues yearly,</subfield>
               <subfield code="b">1993</subfield>
            </datafield>
            <datafield tag="321" ind1=" " ind2=" ">
               <subfield code="a">4 no. a year,</subfield>
               <subfield code="b">1994-1999</subfield>
            </datafield>
            <datafield tag="321" ind1=" " ind2=" ">
               <subfield code="a">6 no. a year,</subfield>
               <subfield code="b">2000-2009</subfield>
            </datafield>
            <datafield tag="321" ind1=" " ind2=" ">
               <subfield code="a">8 no. a year,</subfield>
               <subfield code="b">2009/2010-2014</subfield>
            </datafield>
            <datafield tag="321" ind1=" " ind2=" ">
               <subfield code="a">10 no. a year,</subfield>
               <subfield code="b">2015</subfield>
            </datafield>
            <datafield tag="362" ind1="0" ind2=" ">
               <subfield code="a">Vol. 1, 1-</subfield>
            </datafield>
            <datafield tag="515" ind1=" " ind2=" ">
               <subfield code="a">Some issues combined.</subfield>
            </datafield>
            <datafield tag="588" ind1=" " ind2=" ">
               <subfield code="a">Title from cover.</subfield>
            </datafield>
            <datafield tag="588" ind1=" " ind2=" ">
               <subfield code="a">Latest issue consulted: Volume 24, Numbers 4-6 (April-June 2016).</subfield>
            </datafield>
            <datafield tag="650" ind1=" " ind2="0">
               <subfield code="a">Tourism</subfield>
               <subfield code="v">Periodicals.</subfield>
            </datafield>
            <datafield tag="650" ind1=" " ind2="0">
               <subfield code="a">Sustainable development</subfield>
               <subfield code="v">Periodicals.</subfield>
            </datafield>
            <datafield tag="999" ind1=" " ind2=" ">
               <subfield code="a">G155.A1J8 v.8 2000</subfield>
               <subfield code="w">LCPER</subfield>
               <subfield code="c">1</subfield>
               <subfield code="i">000047642881</subfield>
               <subfield code="d">12/17/1999</subfield>
               <subfield code="l">PATERNO-2</subfield>
               <subfield code="m">UP-PAT</subfield>
               <subfield code="r">Y</subfield>
               <subfield code="s">Y</subfield>
               <subfield code="t">PERIODICAL</subfield>
               <subfield code="u">4/13/2001</subfield>
            </datafield>
            <datafield tag="999" ind1=" " ind2=" ">
               <subfield code="a">G155.A1J8 v.3 1995</subfield>
               <subfield code="w">LC</subfield>
               <subfield code="c">1</subfield>
               <subfield code="i">000047644625</subfield>
               <subfield code="d">10/28/2020</subfield>
               <subfield code="l">PATERNO-2</subfield>
               <subfield code="m">UP-PAT</subfield>
               <subfield code="q">9</subfield>
               <subfield code="r">Y</subfield>
               <subfield code="s">Y</subfield>
               <subfield code="t">PERIODICAL</subfield>
               <subfield code="u">9/4/2001</subfield>
            </datafield>
            <datafield tag="999" ind1=" " ind2=" ">
               <subfield code="a">G155.A1J8 v.1-2 1993/94</subfield>
               <subfield code="w">LCPER</subfield>
               <subfield code="c">1</subfield>
               <subfield code="i">000047644618</subfield>
               <subfield code="d">11/30/2017</subfield>
               <subfield code="e">10/16/2015</subfield>
               <subfield code="l">PATERNO-2</subfield>
               <subfield code="m">UP-PAT</subfield>
               <subfield code="n">4</subfield>
               <subfield code="q">25</subfield>
               <subfield code="r">Y</subfield>
               <subfield code="s">Y</subfield>
               <subfield code="t">PERIODICAL</subfield>
               <subfield code="u">9/4/2001</subfield>
               <subfield code="o">.STAFF. Digitized Copy Instructions: Do not delete or replace the barcode in this item record. It links to the digitized copy of this volume. If WITHDRAWING the volume or REPLACING a barcode, update the item record to reflect an ONLINE resource. Add a new barcode by adding a second item record. See Access Services Training Bulletin no. 25 for full instructions.</subfield>
            </datafield>
            <datafield tag="999" ind1=" " ind2=" ">
               <subfield code="a">G155.A1J8 v.9 2001</subfield>
               <subfield code="w">LCPER</subfield>
               <subfield code="c">1</subfield>
               <subfield code="i">000048459754</subfield>
               <subfield code="d">11/2/2017</subfield>
               <subfield code="l">PATERNO-2</subfield>
               <subfield code="m">UP-PAT</subfield>
               <subfield code="q">2</subfield>
               <subfield code="r">Y</subfield>
               <subfield code="s">Y</subfield>
               <subfield code="t">PERIODICAL</subfield>
               <subfield code="u">9/5/2002</subfield>
            </datafield>
            <datafield tag="999" ind1=" " ind2=" ">
               <subfield code="a">G155.A1J8 v.10 2002</subfield>
               <subfield code="w">LCPER</subfield>
               <subfield code="c">1</subfield>
               <subfield code="i">000052545962</subfield>
               <subfield code="d">11/2/2011</subfield>
               <subfield code="e">9/14/2004</subfield>
               <subfield code="l">PATERNO-2</subfield>
               <subfield code="m">UP-PAT</subfield>
               <subfield code="n">2</subfield>
               <subfield code="q">3</subfield>
               <subfield code="r">Y</subfield>
               <subfield code="s">Y</subfield>
               <subfield code="t">PERIODICAL</subfield>
               <subfield code="u">9/4/2003</subfield>
            </datafield>
            <datafield tag="999" ind1=" " ind2=" ">
               <subfield code="a">G155.A1J8 v.11 2003</subfield>
               <subfield code="w">LCPER</subfield>
               <subfield code="c">1</subfield>
               <subfield code="i">000052831393</subfield>
               <subfield code="l">PATERNO-2</subfield>
               <subfield code="m">UP-PAT</subfield>
               <subfield code="r">Y</subfield>
               <subfield code="s">Y</subfield>
               <subfield code="t">PERIODICAL</subfield>
               <subfield code="u">5/20/2004</subfield>
            </datafield>
            <datafield tag="999" ind1=" " ind2=" ">
               <subfield code="a">G155.A1J8 v.12 2004</subfield>
               <subfield code="w">LCPER</subfield>
               <subfield code="c">1</subfield>
               <subfield code="i">000054841161</subfield>
               <subfield code="l">PATERNO-2</subfield>
               <subfield code="m">UP-PAT</subfield>
               <subfield code="r">Y</subfield>
               <subfield code="s">Y</subfield>
               <subfield code="t">PERIODICAL</subfield>
               <subfield code="u">3/17/2005</subfield>
            </datafield>
            <datafield tag="999" ind1=" " ind2=" ">
               <subfield code="a">G155.A1J8 v.13 2005</subfield>
               <subfield code="w">LCPER</subfield>
               <subfield code="c">1</subfield>
               <subfield code="i">000054964242</subfield>
               <subfield code="l">PATERNO-2</subfield>
               <subfield code="m">UP-PAT</subfield>
               <subfield code="r">Y</subfield>
               <subfield code="s">Y</subfield>
               <subfield code="t">PERIODICAL</subfield>
               <subfield code="u">3/9/2006</subfield>
            </datafield>
            <datafield tag="999" ind1=" " ind2=" ">
               <subfield code="a">G155.A1J8 v.14 2006</subfield>
               <subfield code="w">LCPER</subfield>
               <subfield code="c">1</subfield>
               <subfield code="i">000055192897</subfield>
               <subfield code="l">PATERNO-2</subfield>
               <subfield code="m">UP-PAT</subfield>
               <subfield code="r">Y</subfield>
               <subfield code="s">Y</subfield>
               <subfield code="t">PERIODICAL</subfield>
               <subfield code="u">2/26/2007</subfield>
            </datafield>
            <datafield tag="999" ind1=" " ind2=" ">
               <subfield code="a">G155.A1J8 v.16 2008</subfield>
               <subfield code="w">LCPER</subfield>
               <subfield code="c">1</subfield>
               <subfield code="i">000059769866</subfield>
               <subfield code="l">PATERNO-2</subfield>
               <subfield code="m">UP-PAT</subfield>
               <subfield code="r">Y</subfield>
               <subfield code="s">Y</subfield>
               <subfield code="t">PERIODICAL</subfield>
               <subfield code="u">8/12/2009</subfield>
            </datafield>
            <datafield tag="999" ind1=" " ind2=" ">
               <subfield code="a">G155.A1J8 v.17 2009</subfield>
               <subfield code="w">LCPER</subfield>
               <subfield code="c">1</subfield>
               <subfield code="i">000061849990</subfield>
               <subfield code="d">9/19/2019</subfield>
               <subfield code="l">PATERNO-2</subfield>
               <subfield code="m">UP-PAT</subfield>
               <subfield code="q">2</subfield>
               <subfield code="r">Y</subfield>
               <subfield code="s">Y</subfield>
               <subfield code="t">PERIODICAL</subfield>
               <subfield code="u">2/19/2010</subfield>
            </datafield>
            <datafield tag="999" ind1=" " ind2=" ">
               <subfield code="a">G155.A1J8 v.15 no.1-3 2007</subfield>
               <subfield code="w">LCPER</subfield>
               <subfield code="c">1</subfield>
               <subfield code="i">000061888890</subfield>
               <subfield code="l">PATERNO-2</subfield>
               <subfield code="m">UP-PAT</subfield>
               <subfield code="r">Y</subfield>
               <subfield code="s">Y</subfield>
               <subfield code="t">PERIODICAL</subfield>
               <subfield code="u">6/4/2010</subfield>
            </datafield>
            <datafield tag="999" ind1=" " ind2=" ">
               <subfield code="a">G155.A1J8 v.15 no.4-6 2007</subfield>
               <subfield code="w">LCPER</subfield>
               <subfield code="c">1</subfield>
               <subfield code="i">000061878433</subfield>
               <subfield code="l">PATERNO-2</subfield>
               <subfield code="m">UP-PAT</subfield>
               <subfield code="r">Y</subfield>
               <subfield code="s">Y</subfield>
               <subfield code="t">PERIODICAL</subfield>
               <subfield code="u">6/4/2010</subfield>
            </datafield>
            <datafield tag="999" ind1=" " ind2=" ">
               <subfield code="a">G155.A1J8 v.18 no.1-3 2010</subfield>
               <subfield code="w">LCPER</subfield>
               <subfield code="c">1</subfield>
               <subfield code="i">000061901025</subfield>
               <subfield code="l">PATERNO-2</subfield>
               <subfield code="m">UP-PAT</subfield>
               <subfield code="r">Y</subfield>
               <subfield code="s">Y</subfield>
               <subfield code="t">PERIODICAL</subfield>
               <subfield code="u">9/7/2010</subfield>
            </datafield>
            <datafield tag="999" ind1=" " ind2=" ">
               <subfield code="a">G155.A1J8 v.18 no.4-6 2010</subfield>
               <subfield code="w">LCPER</subfield>
               <subfield code="c">1</subfield>
               <subfield code="i">000061901261</subfield>
               <subfield code="l">PATERNO-2</subfield>
               <subfield code="m">UP-PAT</subfield>
               <subfield code="r">Y</subfield>
               <subfield code="s">Y</subfield>
               <subfield code="t">PERIODICAL</subfield>
               <subfield code="u">9/7/2010</subfield>
            </datafield>
            <datafield tag="999" ind1=" " ind2=" ">
               <subfield code="a">G155.A1J8 v.18 no.7-8 2010</subfield>
               <subfield code="w">LCPER</subfield>
               <subfield code="c">1</subfield>
               <subfield code="i">000061837911</subfield>
               <subfield code="d">11/11/2022</subfield>
               <subfield code="l">PATERNO-2</subfield>
               <subfield code="m">UP-PAT</subfield>
               <subfield code="q">2</subfield>
               <subfield code="r">Y</subfield>
               <subfield code="s">Y</subfield>
               <subfield code="t">PERIODICAL</subfield>
               <subfield code="u">3/25/2011</subfield>
            </datafield>
            <datafield tag="999" ind1=" " ind2=" ">
               <subfield code="a">G155.A1J8 v.19 no.1-5 2011</subfield>
               <subfield code="w">LCPER</subfield>
               <subfield code="c">1</subfield>
               <subfield code="i">000059360896</subfield>
               <subfield code="d">9/25/2018</subfield>
               <subfield code="l">PATERNO-2</subfield>
               <subfield code="m">UP-PAT</subfield>
               <subfield code="q">5</subfield>
               <subfield code="r">Y</subfield>
               <subfield code="s">Y</subfield>
               <subfield code="t">PERIODICAL</subfield>
               <subfield code="u">11/28/2011</subfield>
            </datafield>
            <datafield tag="999" ind1=" " ind2=" ">
               <subfield code="a">G155.A1J8 v.4 1996</subfield>
               <subfield code="w">LCPER</subfield>
               <subfield code="c">1</subfield>
               <subfield code="i">000071627533</subfield>
               <subfield code="d">11/2/2017</subfield>
               <subfield code="l">PATERNO-2</subfield>
               <subfield code="m">UP-PAT</subfield>
               <subfield code="q">1</subfield>
               <subfield code="r">Y</subfield>
               <subfield code="s">Y</subfield>
               <subfield code="t">PERIODICAL</subfield>
               <subfield code="u">2/2/2012</subfield>
            </datafield>
            <datafield tag="999" ind1=" " ind2=" ">
               <subfield code="a">G155.A1J8 v.5 1997</subfield>
               <subfield code="w">LCPER</subfield>
               <subfield code="c">1</subfield>
               <subfield code="i">000071627526</subfield>
               <subfield code="d">4/2/2018</subfield>
               <subfield code="l">PATERNO-2</subfield>
               <subfield code="m">UP-PAT</subfield>
               <subfield code="q">1</subfield>
               <subfield code="r">Y</subfield>
               <subfield code="s">Y</subfield>
               <subfield code="t">PERIODICAL</subfield>
               <subfield code="u">2/2/2012</subfield>
            </datafield>
            <datafield tag="999" ind1=" " ind2=" ">
               <subfield code="a">G155.A1J8 v.6 1998</subfield>
               <subfield code="w">LCPER</subfield>
               <subfield code="c">1</subfield>
               <subfield code="i">000071150628</subfield>
               <subfield code="l">PATERNO-2</subfield>
               <subfield code="m">UP-PAT</subfield>
               <subfield code="r">Y</subfield>
               <subfield code="s">Y</subfield>
               <subfield code="t">PERIODICAL</subfield>
               <subfield code="u">2/2/2012</subfield>
            </datafield>
            <datafield tag="999" ind1=" " ind2=" ">
               <subfield code="a">G155.A1J8 v.7 1999</subfield>
               <subfield code="w">LCPER</subfield>
               <subfield code="c">1</subfield>
               <subfield code="i">000071150611</subfield>
               <subfield code="l">PATERNO-2</subfield>
               <subfield code="m">UP-PAT</subfield>
               <subfield code="r">Y</subfield>
               <subfield code="s">Y</subfield>
               <subfield code="t">PERIODICAL</subfield>
               <subfield code="u">2/2/2012</subfield>
            </datafield>
            <datafield tag="999" ind1=" " ind2=" ">
               <subfield code="a">G155.A1J8 v.19 no.6-8 2011</subfield>
               <subfield code="w">LCPER</subfield>
               <subfield code="c">1</subfield>
               <subfield code="i">000059372196</subfield>
               <subfield code="d">5/3/2016</subfield>
               <subfield code="l">PATERNO-2</subfield>
               <subfield code="m">UP-PAT</subfield>
               <subfield code="q">4</subfield>
               <subfield code="r">Y</subfield>
               <subfield code="s">Y</subfield>
               <subfield code="t">PERIODICAL</subfield>
               <subfield code="u">2/7/2012</subfield>
            </datafield>
            <datafield tag="999" ind1=" " ind2=" ">
               <subfield code="a">G155.A1J8 v.20 no.1-4 2012</subfield>
               <subfield code="w">LCPER</subfield>
               <subfield code="c">1</subfield>
               <subfield code="i">000059394716</subfield>
               <subfield code="d">5/2/2016</subfield>
               <subfield code="l">PATERNO-2</subfield>
               <subfield code="m">UP-PAT</subfield>
               <subfield code="q">1</subfield>
               <subfield code="r">Y</subfield>
               <subfield code="s">Y</subfield>
               <subfield code="t">PERIODICAL</subfield>
               <subfield code="u">5/25/2012</subfield>
            </datafield>
            <datafield tag="999" ind1=" " ind2=" ">
               <subfield code="a">G155.A1J8 v.20 no.5-8 2012</subfield>
               <subfield code="w">LCPER</subfield>
               <subfield code="c">1</subfield>
               <subfield code="i">000059462767</subfield>
               <subfield code="d">12/6/2018</subfield>
               <subfield code="l">PATERNO-2</subfield>
               <subfield code="m">UP-PAT</subfield>
               <subfield code="q">4</subfield>
               <subfield code="r">Y</subfield>
               <subfield code="s">Y</subfield>
               <subfield code="t">PERIODICAL</subfield>
               <subfield code="u">1/21/2013</subfield>
            </datafield>
            <datafield tag="999" ind1=" " ind2=" ">
               <subfield code="a">G155.A1J8 v.21 no.1-4 2013</subfield>
               <subfield code="w">LCPER</subfield>
               <subfield code="c">1</subfield>
               <subfield code="i">000059491064</subfield>
               <subfield code="d">5/2/2016</subfield>
               <subfield code="l">PATERNO-2</subfield>
               <subfield code="m">UP-PAT</subfield>
               <subfield code="q">5</subfield>
               <subfield code="r">Y</subfield>
               <subfield code="s">Y</subfield>
               <subfield code="t">PERIODICAL</subfield>
               <subfield code="u">6/11/2013</subfield>
            </datafield>
            <datafield tag="999" ind1=" " ind2=" ">
               <subfield code="a">G155.A1J8 v.21 no.5-8 2013</subfield>
               <subfield code="w">LCPER</subfield>
               <subfield code="c">1</subfield>
               <subfield code="i">000059514060</subfield>
               <subfield code="d">3/30/2015</subfield>
               <subfield code="l">PATERNO-2</subfield>
               <subfield code="m">UP-PAT</subfield>
               <subfield code="q">3</subfield>
               <subfield code="r">Y</subfield>
               <subfield code="s">Y</subfield>
               <subfield code="t">PERIODICAL</subfield>
               <subfield code="u">1/16/2014</subfield>
            </datafield>
            <datafield tag="999" ind1=" " ind2=" ">
               <subfield code="a">G155.A1J8 v.22 no.1-4 2014</subfield>
               <subfield code="w">LCPER</subfield>
               <subfield code="c">1</subfield>
               <subfield code="i">000061938434</subfield>
               <subfield code="d">9/8/2014</subfield>
               <subfield code="l">PATERNO-2</subfield>
               <subfield code="m">UP-PAT</subfield>
               <subfield code="q">3</subfield>
               <subfield code="r">Y</subfield>
               <subfield code="s">Y</subfield>
               <subfield code="t">PERIODICAL</subfield>
               <subfield code="u">4/10/2014</subfield>
            </datafield>
            <datafield tag="999" ind1=" " ind2=" ">
               <subfield code="a">G155.A1J8 v.22 no.5-8 2014</subfield>
               <subfield code="w">LCPER</subfield>
               <subfield code="c">1</subfield>
               <subfield code="i">000061952348</subfield>
               <subfield code="d">5/2/2016</subfield>
               <subfield code="l">PATERNO-2</subfield>
               <subfield code="m">UP-PAT</subfield>
               <subfield code="q">1</subfield>
               <subfield code="r">Y</subfield>
               <subfield code="s">Y</subfield>
               <subfield code="t">PERIODICAL</subfield>
               <subfield code="u">9/10/2014</subfield>
            </datafield>
            <datafield tag="999" ind1=" " ind2=" ">
               <subfield code="a">G155.A1J8 v.23 no.1-4 2015</subfield>
               <subfield code="w">LCPER</subfield>
               <subfield code="c">1</subfield>
               <subfield code="i">000061975866</subfield>
               <subfield code="d">1/25/2016</subfield>
               <subfield code="l">PATERNO-2</subfield>
               <subfield code="m">UP-PAT</subfield>
               <subfield code="q">2</subfield>
               <subfield code="r">Y</subfield>
               <subfield code="s">Y</subfield>
               <subfield code="t">PERIODICAL</subfield>
               <subfield code="u">5/12/2015</subfield>
            </datafield>
            <datafield tag="999" ind1=" " ind2=" ">
               <subfield code="a">G155.A1J8 v.23 no.5-10 2015</subfield>
               <subfield code="w">LCPER</subfield>
               <subfield code="c">1</subfield>
               <subfield code="i">000062010535</subfield>
               <subfield code="l">PATERNO-2</subfield>
               <subfield code="m">UP-PAT</subfield>
               <subfield code="r">Y</subfield>
               <subfield code="s">Y</subfield>
               <subfield code="t">PERIODICAL</subfield>
               <subfield code="u">7/12/2016</subfield>
            </datafield>
            <datafield tag="999" ind1=" " ind2=" ">
               <subfield code="a">G155.A1J8 v.24 no.1-6 2016</subfield>
               <subfield code="w">LCPER</subfield>
               <subfield code="c">1</subfield>
               <subfield code="i">000062017350</subfield>
               <subfield code="l">PATERNO-2</subfield>
               <subfield code="m">UP-PAT</subfield>
               <subfield code="r">Y</subfield>
               <subfield code="s">Y</subfield>
               <subfield code="t">PERIODICAL</subfield>
               <subfield code="u">11/9/2016</subfield>
            </datafield>
            <datafield tag="999" ind1=" " ind2=" ">
               <subfield code="a">G155.A1J8 v.24 no.7-12 2016</subfield>
               <subfield code="w">LCPER</subfield>
               <subfield code="c">1</subfield>
               <subfield code="i">000062035798</subfield>
               <subfield code="d">8/6/2019</subfield>
               <subfield code="l">PATERNO-2</subfield>
               <subfield code="m">UP-PAT</subfield>
               <subfield code="q">1</subfield>
               <subfield code="r">Y</subfield>
               <subfield code="s">Y</subfield>
               <subfield code="t">PERIODICAL</subfield>
               <subfield code="u">6/12/2017</subfield>
            </datafield>
            <datafield tag="999" ind1=" " ind2=" ">
               <subfield code="a">PO-6335</subfield>
               <subfield code="w">LC</subfield>
               <subfield code="c">1</subfield>
               <subfield code="i">PO-6335</subfield>
               <subfield code="l">ON-ORDER</subfield>
               <subfield code="m">ONLINE</subfield>
               <subfield code="r">Y</subfield>
               <subfield code="s">Y</subfield>
               <subfield code="t">ONLINE</subfield>
               <subfield code="u">10/6/2017</subfield>
            </datafield>
            <datafield tag="999" ind1=" " ind2=" ">
               <subfield code="a">G155.A1J8 v.25 no.1-6 2017</subfield>
               <subfield code="w">LCPER</subfield>
               <subfield code="c">1</subfield>
               <subfield code="i">000062044592</subfield>
               <subfield code="l">PATERNO-2</subfield>
               <subfield code="m">UP-PAT</subfield>
               <subfield code="r">Y</subfield>
               <subfield code="s">Y</subfield>
               <subfield code="t">PERIODICAL</subfield>
               <subfield code="u">11/8/2017</subfield>
            </datafield>
            <datafield tag="999" ind1=" " ind2=" ">
               <subfield code="a">G155.A1J8 v.25 no.7-12 2017</subfield>
               <subfield code="w">LC</subfield>
               <subfield code="c">1</subfield>
               <subfield code="i">000062058049</subfield>
               <subfield code="l">PATERNO-2</subfield>
               <subfield code="m">UP-PAT</subfield>
               <subfield code="r">Y</subfield>
               <subfield code="s">Y</subfield>
               <subfield code="t">PERIODICAL</subfield>
               <subfield code="u">5/1/2018</subfield>
            </datafield>
      </record>
    </metadata>
  </record>