
   <record> 
    <header>
      <identifier>oai:cat.libraries.psu.edu:1455508</identifier> 
      <datestamp>2022-12-16</datestamp>
      <setSpec>BOOK</setSpec> 
    </header>
    <metadata>
      <record xmlns="http://www.loc.gov/MARC21/slim" xsi:schemaLocation="http://www.loc.gov/MARC21/slim http://www.loc.gov/standards/marcxml/schema/MARC21slim.xsd" type="Bibliographic">
         <leader>     nam  22     1a 4500</leader>
         <controlfield tag="008">931213s1991    xx a          000 0 eng d</controlfield>
            <datafield tag="035" ind1=" " ind2=" ">
               <subfield code="a">LIAS1736886</subfield>
            </datafield>
            <datafield tag="035" ind1=" " ind2=" ">
               <subfield code="a">(OCoLC)25562912</subfield>
            </datafield>
            <datafield tag="050" ind1="1" ind2="4">
               <subfield code="a">F1872</subfield>
               <subfield code="b">.B35 1991</subfield>
            </datafield>
            <datafield tag="245" ind1="0" ind2="0">
               <subfield code="a">Beautiful Jamaica /</subfield>
               <subfield code="c">Evon Blake.</subfield>
            </datafield>
            <datafield tag="250" ind1=" " ind2=" ">
               <subfield code="a">New &amp; rev. 6th ed.</subfield>
            </datafield>
            <datafield tag="264" ind1=" " ind2="1">
               <subfield code="a">Kingston, Jamaica :</subfield>
               <subfield code="b">Kingston Publishers,</subfield>
               <subfield code="c">1991.</subfield>
            </datafield>
            <datafield tag="300" ind1=" " ind2=" ">
               <subfield code="a">220 pages :</subfield>
               <subfield code="b">illustrations (some color) ;</subfield>
               <subfield code="c">29 cm</subfield>
            </datafield>
            <datafield tag="583" ind1=" " ind2="1">
               <subfield code="a">committed to retain</subfield>
               <subfield code="c">20170930</subfield>
               <subfield code="d">20430101</subfield>
               <subfield code="f">HathiTrust</subfield>
               <subfield code="u">https://www.hathitrust.org/shared_print_program</subfield>
               <subfield code="5">PSt</subfield>
            </datafield>
            <datafield tag="651" ind1=" " ind2="0">
               <subfield code="a">Jamaica</subfield>
               <subfield code="v">Pictorial works.</subfield>
            </datafield>
            <datafield tag="700" ind1="1" ind2=" ">
               <subfield code="a">Blake, Evon,</subfield>
               <subfield code="d">1907-</subfield>
            </datafield>
            <datafield tag="999" ind1=" " ind2=" ">
               <subfield code="a">F1872.B35 1991</subfield>
               <subfield code="w">LC</subfield>
               <subfield code="c">1</subfield>
               <subfield code="i">000049838008</subfield>
               <subfield code="d">8/2/2012</subfield>
               <subfield code="e">7/7/2012</subfield>
               <subfield code="l">PATTEE-1A</subfield>
               <subfield code="m">UP-PAT</subfield>
               <subfield code="n">20</subfield>
               <subfield code="r">Y</subfield>
               <subfield code="s">Y</subfield>
               <subfield code="t">BOOK</subfield>
               <subfield code="u">4/13/2001</subfield>
               <subfield code="o">.STAFF. Digitized Copy Instructions: Do not delete or replace the barcode in this item record. It links to the digitized copy of this volume. If WITHDRAWING the volume or REPLACING a barcode, update the item record to reflect an ONLINE resource. Add a new barcode by adding a second item record. See Access Services Training Bulletin no. 25 for full instructions.</subfield>
               <subfield code="o">.STAFF. This item is part of PSUL's commitment to the HathiTrust Shared Print Program. At least one physical copy must be retained in PSUL's holdings until January 1st, 2043.</subfield>
            </datafield>
      </record>
    </metadata>
  </record>