
   <record> 
    <header>
      <identifier>oai:cat.libraries.psu.edu:1455511</identifier> 
      <datestamp>2022-12-16</datestamp>
      <setSpec>BOOK</setSpec> 
    </header>
    <metadata>
      <record xmlns="http://www.loc.gov/MARC21/slim" xsi:schemaLocation="http://www.loc.gov/MARC21/slim http://www.loc.gov/standards/marcxml/schema/MARC21slim.xsd" type="Bibliographic">
         <leader>     nam  22      a 4500</leader>
         <controlfield tag="008">931213t19921992xx af    b    000 0 ita d</controlfield>
            <datafield tag="020" ind1=" " ind2=" ">
               <subfield code="z">3777454508</subfield>
            </datafield>
            <datafield tag="020" ind1=" " ind2=" ">
               <subfield code="a">3777458201</subfield>
            </datafield>
            <datafield tag="035" ind1=" " ind2=" ">
               <subfield code="a">LIAS1736887</subfield>
            </datafield>
            <datafield tag="035" ind1=" " ind2=" ">
               <subfield code="a">(OCoLC)28541377</subfield>
            </datafield>
            <datafield tag="050" ind1="1" ind2="4">
               <subfield code="a">DG70.P7</subfield>
               <subfield code="b">S73 1992</subfield>
            </datafield>
            <datafield tag="100" ind1="1" ind2=" ">
               <subfield code="a">Stemmer, Klaus.</subfield>
            </datafield>
            <datafield tag="245" ind1="1" ind2="0">
               <subfield code="a">Casa dell'Ara massima :</subfield>
               <subfield code="b">(VI 16,15-17) /</subfield>
               <subfield code="c">Klaus Stemmer ; Photographien von Peter Grunwald und Johannes Kramer ; graphische Dokumentation von Pavlos Papagialias, Michael Sohn und Wulfhild Aulmann.</subfield>
            </datafield>
            <datafield tag="264" ind1=" " ind2="1">
               <subfield code="a">München :</subfield>
               <subfield code="b">Hirmer Verlag,</subfield>
               <subfield code="c">[1992]</subfield>
            </datafield>
            <datafield tag="264" ind1=" " ind2="4">
               <subfield code="c">©1992</subfield>
            </datafield>
            <datafield tag="300" ind1=" " ind2=" ">
               <subfield code="a">67 pages, 46 unnumbered pages of plates :</subfield>
               <subfield code="b">illustrations (some color) ;</subfield>
               <subfield code="c">50 cm.</subfield>
            </datafield>
            <datafield tag="490" ind1="1" ind2=" ">
               <subfield code="a">Häuser in Pompeji ;</subfield>
               <subfield code="v">Bd. 6</subfield>
            </datafield>
            <datafield tag="500" ind1=" " ind2=" ">
               <subfield code="a">At head of title: Deutsches Archäologisches Institut.</subfield>
            </datafield>
            <datafield tag="504" ind1=" " ind2=" ">
               <subfield code="a">Includes bibliographical references and index.</subfield>
            </datafield>
            <datafield tag="610" ind1="2" ind2="0">
               <subfield code="a">Casa dell'Ara massima (Pompeii : Extinct city)</subfield>
            </datafield>
            <datafield tag="650" ind1=" " ind2="0">
               <subfield code="a">Architecture, Domestic</subfield>
               <subfield code="z">Italy</subfield>
               <subfield code="z">Pompeii (Extinct city)</subfield>
            </datafield>
            <datafield tag="650" ind1=" " ind2="0">
               <subfield code="a">Interior decoration</subfield>
               <subfield code="z">Italy</subfield>
               <subfield code="z">Pompeii (Extinct city)</subfield>
            </datafield>
            <datafield tag="650" ind1=" " ind2="0">
               <subfield code="a">Excavations (Archaeology)</subfield>
               <subfield code="z">Italy</subfield>
               <subfield code="z">Pompeii (Extinct city)</subfield>
            </datafield>
            <datafield tag="651" ind1=" " ind2="0">
               <subfield code="a">Pompeii (Extinct city)</subfield>
            </datafield>
            <datafield tag="700" ind1="1" ind2=" ">
               <subfield code="a">Grunwald, Peter.</subfield>
            </datafield>
            <datafield tag="700" ind1="1" ind2=" ">
               <subfield code="a">Kramer, Johannes</subfield>
               <subfield code="c">(Archaeological photographer)</subfield>
            </datafield>
            <datafield tag="710" ind1="2" ind2=" ">
               <subfield code="a">Deutsches Archäologisches Institut.</subfield>
            </datafield>
            <datafield tag="830" ind1=" " ind2="0">
               <subfield code="a">Häuser in Pompeji ;</subfield>
               <subfield code="v">Bd. 6.</subfield>
            </datafield>
            <datafield tag="999" ind1=" " ind2=" ">
               <subfield code="a">DG70.P7H37 Bd.6 F</subfield>
               <subfield code="w">LC</subfield>
               <subfield code="c">1</subfield>
               <subfield code="i">000021597824</subfield>
               <subfield code="d">10/21/2016</subfield>
               <subfield code="e">12/15/1993</subfield>
               <subfield code="l">PATTEE-W2F</subfield>
               <subfield code="m">UP-PAT</subfield>
               <subfield code="q">1</subfield>
               <subfield code="r">Y</subfield>
               <subfield code="s">Y</subfield>
               <subfield code="t">BOOK</subfield>
               <subfield code="u">4/13/2001</subfield>
            </datafield>
      </record>
    </metadata>
  </record>