
   <record> 
    <header>
      <identifier>oai:cat.libraries.psu.edu:1455512</identifier> 
      <datestamp>2022-12-16</datestamp>
      <setSpec>MICROFORM</setSpec> 
    </header>
    <metadata>
      <record xmlns="http://www.loc.gov/MARC21/slim" xsi:schemaLocation="http://www.loc.gov/MARC21/slim http://www.loc.gov/standards/marcxml/schema/MARC21slim.xsd" type="Bibliographic">
         <leader>     nam  22     Ia 4500</leader>
         <controlfield tag="008">910809s1987    xxuabk   b   f000 0 eng d</controlfield>
            <datafield tag="010" ind1=" " ind2=" ">
               <subfield code="a">   88600900</subfield>
            </datafield>
            <datafield tag="035" ind1=" " ind2=" ">
               <subfield code="a">LIAS1579725</subfield>
            </datafield>
            <datafield tag="035" ind1=" " ind2=" ">
               <subfield code="a">(OCoLC)24578574</subfield>
            </datafield>
            <datafield tag="050" ind1="0" ind2="0">
               <subfield code="a">KF27</subfield>
               <subfield code="b">.P89632 1987</subfield>
            </datafield>
            <datafield tag="110" ind1="1" ind2=" ">
               <subfield code="a">United States.</subfield>
               <subfield code="b">Congress.</subfield>
               <subfield code="b">House.</subfield>
               <subfield code="b">Committee on Public Works and Transportation.</subfield>
               <subfield code="b">Subcommittee on Investigations and Oversight.</subfield>
            </datafield>
            <datafield tag="245" ind1="1" ind2="0">
               <subfield code="a">Implementation of the United States/Canada Great Lakes Water Quality Agreement :</subfield>
               <subfield code="b">hearing before the Subcommittee on Investigations and Oversight of the Committee on Public Works and Transportation, House of Representatives, One Hundredth Congress, first session, March 3, 1987.</subfield>
            </datafield>
            <datafield tag="264" ind1=" " ind2="1">
               <subfield code="a">Washington :</subfield>
               <subfield code="b">U.S. G.P.O.,</subfield>
               <subfield code="c">1987.</subfield>
            </datafield>
            <datafield tag="264" ind1=" " ind2="2">
               <subfield code="a">Washington :</subfield>
               <subfield code="b">For sale by the Supt. of Docs., Congressional Sales Office, U.S. G.P.O.</subfield>
            </datafield>
            <datafield tag="300" ind1=" " ind2=" ">
               <subfield code="a">iv, 630 pages :</subfield>
               <subfield code="b">illustrations, 1 form, maps ;</subfield>
               <subfield code="c">24 cm</subfield>
            </datafield>
            <datafield tag="500" ind1=" " ind2=" ">
               <subfield code="a">&quot;100-15.&quot;</subfield>
            </datafield>
            <datafield tag="504" ind1=" " ind2=" ">
               <subfield code="a">Includes bibliographies.</subfield>
            </datafield>
            <datafield tag="650" ind1=" " ind2="0">
               <subfield code="a">Water quality</subfield>
               <subfield code="x">Great Lakes (North America)</subfield>
            </datafield>
            <datafield tag="650" ind1=" " ind2="0">
               <subfield code="a">Water</subfield>
               <subfield code="x">Pollution</subfield>
               <subfield code="z">Great Lakes (North America)</subfield>
            </datafield>
            <datafield tag="650" ind1=" " ind2="0">
               <subfield code="a">Water quality management</subfield>
               <subfield code="z">Great Lakes Region (North America)</subfield>
            </datafield>
            <datafield tag="533" ind1=" " ind2=" ">
               <subfield code="a">Microform.</subfield>
               <subfield code="b">Washington, D.C.,</subfield>
               <subfield code="c">U.S. G.P.O.,</subfield>
               <subfield code="d">1991.</subfield>
               <subfield code="e">7 microfiches : negative.</subfield>
            </datafield>
            <datafield tag="999" ind1=" " ind2=" ">
               <subfield code="a">Y 4.P 96/11:100-15</subfield>
               <subfield code="w">SUDOC</subfield>
               <subfield code="c">1</subfield>
               <subfield code="i">1455512-1001</subfield>
               <subfield code="d">12/10/1996</subfield>
               <subfield code="l">DOC-US</subfield>
               <subfield code="m">UP-PAT</subfield>
               <subfield code="r">Y</subfield>
               <subfield code="s">Y</subfield>
               <subfield code="t">MICROFORM</subfield>
               <subfield code="u">4/13/2001</subfield>
            </datafield>
      </record>
    </metadata>
  </record>