
   <record> 
    <header>
      <identifier>oai:cat.libraries.psu.edu:1455514</identifier> 
      <datestamp>2022-12-16</datestamp>
      <setSpec>PERIODICAL</setSpec> 
    </header>
    <metadata>
      <record xmlns="http://www.loc.gov/MARC21/slim" xsi:schemaLocation="http://www.loc.gov/MARC21/slim http://www.loc.gov/standards/marcxml/schema/MARC21slim.xsd" type="Bibliographic">
         <leader>     nam  22      a 4500</leader>
         <controlfield tag="008">960118d19902005at fr p       0    0eng d</controlfield>
            <datafield tag="010" ind1=" " ind2=" ">
               <subfield code="a">   91642803 </subfield>
               <subfield code="z"> sn90016598</subfield>
            </datafield>
            <datafield tag="022" ind1=" " ind2=" ">
               <subfield code="a">1035-4662</subfield>
            </datafield>
            <datafield tag="035" ind1=" " ind2=" ">
               <subfield code="a">LIAS1893420</subfield>
            </datafield>
            <datafield tag="035" ind1=" " ind2=" ">
               <subfield code="a">(OCoLC)22883232</subfield>
            </datafield>
            <datafield tag="050" ind1="0" ind2="0">
               <subfield code="a">G155.A1</subfield>
               <subfield code="b">J67</subfield>
            </datafield>
            <datafield tag="245" ind1="0" ind2="4">
               <subfield code="a">The Journal of tourism studies.</subfield>
            </datafield>
            <datafield tag="264" ind1=" " ind2="1">
               <subfield code="a">Townsville, Qld., Australia :</subfield>
               <subfield code="b">National Centre for Studies in Travel &amp; Tourism, James Cook University of North Queensland,</subfield>
               <subfield code="c">[1990?-]</subfield>
            </datafield>
            <datafield tag="300" ind1=" " ind2=" ">
               <subfield code="a">volumes :</subfield>
               <subfield code="b">illustrations ;</subfield>
               <subfield code="c">30 cm</subfield>
            </datafield>
            <datafield tag="310" ind1=" " ind2=" ">
               <subfield code="a">Semiannual.</subfield>
            </datafield>
            <datafield tag="362" ind1="0" ind2=" ">
               <subfield code="a">Vol. 1, no. 1 (May 1990)-v. 16, no. 2 (Dec. 2005)</subfield>
            </datafield>
            <datafield tag="500" ind1=" " ind2=" ">
               <subfield code="a">Title from cover.</subfield>
            </datafield>
            <datafield tag="650" ind1=" " ind2="0">
               <subfield code="a">Tourism</subfield>
               <subfield code="v">Periodicals.</subfield>
            </datafield>
            <datafield tag="710" ind1="2" ind2=" ">
               <subfield code="a">James Cook University of North Queensland.</subfield>
            </datafield>
            <datafield tag="710" ind1="2" ind2=" ">
               <subfield code="a">National Centre for Studies in Travel &amp; Tourism (Australia)</subfield>
            </datafield>
            <datafield tag="999" ind1=" " ind2=" ">
               <subfield code="a">G155.A1J67 v.7-9 1996-98</subfield>
               <subfield code="w">LCPER</subfield>
               <subfield code="c">1</subfield>
               <subfield code="i">000069491481</subfield>
               <subfield code="d">6/30/2021</subfield>
               <subfield code="e">12/6/2010</subfield>
               <subfield code="l">PATERNO-2</subfield>
               <subfield code="m">UP-PAT</subfield>
               <subfield code="q">10</subfield>
               <subfield code="r">Y</subfield>
               <subfield code="s">Y</subfield>
               <subfield code="t">PERIODICAL</subfield>
               <subfield code="u">4/13/2001</subfield>
               <subfield code="o">.STAFF. Digitized Copy Instructions: Do not delete or replace the barcode in this item record. It links to the digitized copy of this volume. If WITHDRAWING the volume or REPLACING a barcode, update the item record to reflect an ONLINE resource. Add a new barcode by adding a second item record. See Access Services Training Bulletin no. 25 for full instructions.</subfield>
            </datafield>
            <datafield tag="999" ind1=" " ind2=" ">
               <subfield code="a">G155.A1J67 v.12-13 2001-02</subfield>
               <subfield code="w">LCPER</subfield>
               <subfield code="c">1</subfield>
               <subfield code="i">000051762254</subfield>
               <subfield code="d">11/6/2018</subfield>
               <subfield code="e">12/6/2010</subfield>
               <subfield code="l">PATERNO-2</subfield>
               <subfield code="m">UP-PAT</subfield>
               <subfield code="q">1</subfield>
               <subfield code="r">Y</subfield>
               <subfield code="s">Y</subfield>
               <subfield code="t">PERIODICAL</subfield>
               <subfield code="u">1/31/2003</subfield>
               <subfield code="o">.STAFF. Digitized Copy Instructions: Do not delete or replace the barcode in this item record. It links to the digitized copy of this volume. If WITHDRAWING the volume or REPLACING a barcode, update the item record to reflect an ONLINE resource. Add a new barcode by adding a second item record. See Access Services Training Bulletin no. 25 for full instructions.</subfield>
            </datafield>
            <datafield tag="999" ind1=" " ind2=" ">
               <subfield code="a">G155.A1J67 v.10 no.1 1999, v.11 2000</subfield>
               <subfield code="w">LCPER</subfield>
               <subfield code="c">1</subfield>
               <subfield code="i">000054866249</subfield>
               <subfield code="d">11/2/2020</subfield>
               <subfield code="e">12/6/2010</subfield>
               <subfield code="l">PATERNO-2</subfield>
               <subfield code="m">UP-PAT</subfield>
               <subfield code="q">3</subfield>
               <subfield code="r">Y</subfield>
               <subfield code="s">Y</subfield>
               <subfield code="t">PERIODICAL</subfield>
               <subfield code="u">10/7/2004</subfield>
               <subfield code="o">.STAFF. Digitized Copy Instructions: Do not delete or replace the barcode in this item record. It links to the digitized copy of this volume. If WITHDRAWING the volume or REPLACING a barcode, update the item record to reflect an ONLINE resource. Add a new barcode by adding a second item record. See Access Services Training Bulletin no. 25 for full instructions.</subfield>
            </datafield>
            <datafield tag="999" ind1=" " ind2=" ">
               <subfield code="a">G155.A1J67 v.14-15 2003-04</subfield>
               <subfield code="w">LCPER</subfield>
               <subfield code="c">1</subfield>
               <subfield code="i">000055052276</subfield>
               <subfield code="d">3/1/2022</subfield>
               <subfield code="e">12/6/2010</subfield>
               <subfield code="l">PATERNO-2</subfield>
               <subfield code="m">UP-PAT</subfield>
               <subfield code="q">12</subfield>
               <subfield code="r">Y</subfield>
               <subfield code="s">Y</subfield>
               <subfield code="t">PERIODICAL</subfield>
               <subfield code="u">11/10/2005</subfield>
               <subfield code="o">.STAFF. Digitized Copy Instructions: Do not delete or replace the barcode in this item record. It links to the digitized copy of this volume. If WITHDRAWING the volume or REPLACING a barcode, update the item record to reflect an ONLINE resource. Add a new barcode by adding a second item record. See Access Services Training Bulletin no. 25 for full instructions.</subfield>
            </datafield>
            <datafield tag="999" ind1=" " ind2=" ">
               <subfield code="a">G155.A1J67 v.16 2005</subfield>
               <subfield code="w">LCPER</subfield>
               <subfield code="c">1</subfield>
               <subfield code="i">000055110402</subfield>
               <subfield code="d">3/15/2021</subfield>
               <subfield code="e">12/6/2010</subfield>
               <subfield code="l">PATERNO-2</subfield>
               <subfield code="m">UP-PAT</subfield>
               <subfield code="q">3</subfield>
               <subfield code="r">Y</subfield>
               <subfield code="s">Y</subfield>
               <subfield code="t">PERIODICAL</subfield>
               <subfield code="u">5/19/2006</subfield>
               <subfield code="o">.STAFF. Digitized Copy Instructions: Do not delete or replace the barcode in this item record. It links to the digitized copy of this volume. If WITHDRAWING the volume or REPLACING a barcode, update the item record to reflect an ONLINE resource. Add a new barcode by adding a second item record. See Access Services Training Bulletin no. 25 for full instructions.</subfield>
            </datafield>
      </record>
    </metadata>
  </record>