
   <record> 
    <header>
      <identifier>oai:cat.libraries.psu.edu:145552</identifier> 
      <datestamp>2022-12-16</datestamp>
      <setSpec>SERIAL</setSpec> 
    </header>
    <metadata>
      <record xmlns="http://www.loc.gov/MARC21/slim" xsi:schemaLocation="http://www.loc.gov/MARC21/slim http://www.loc.gov/standards/marcxml/schema/MARC21slim.xsd" type="Bibliographic">
         <leader>     nam  22     8a 4500</leader>
         <controlfield tag="008">820315u1863uuuuoncuu    i   f0   a1eng d</controlfield>
            <datafield tag="035" ind1=" " ind2=" ">
               <subfield code="a">LIAS188574</subfield>
            </datafield>
            <datafield tag="110" ind1="2" ind2=" ">
               <subfield code="a">Geological Survey of Canada.</subfield>
            </datafield>
            <datafield tag="245" ind1="1" ind2="0">
               <subfield code="a">Index to reports of Geological Survey of Canada.</subfield>
            </datafield>
            <datafield tag="247" ind1="0" ind2="0">
               <subfield code="f">[1st], 1863-1884:</subfield>
               <subfield code="a">General index to the reports of progress</subfield>
            </datafield>
            <datafield tag="247" ind1="0" ind2="0">
               <subfield code="f">[2d], 1885-1906,</subfield>
               <subfield code="a">General index to reports.</subfield>
            </datafield>
            <datafield tag="247" ind1="0" ind2="0">
               <subfield code="f">3d, 1905-16,</subfield>
               <subfield code="a">Index to separate reports ... and summary reports.</subfield>
            </datafield>
            <datafield tag="247" ind1="0" ind2="0">
               <subfield code="f">4th, 1847-1916,</subfield>
               <subfield code="a">Index to palaeontology.</subfield>
            </datafield>
            <datafield tag="247" ind1="0" ind2="0">
               <subfield code="f">5th, 1910-26,</subfield>
               <subfield code="a">Index to memoirs, bulletins, summary reports, sessional papers (administrative).</subfield>
            </datafield>
            <datafield tag="264" ind1=" " ind2="1">
               <subfield code="a">Ottawa :</subfield>
               <subfield code="b">Dept. of Mines and Technical Surveys [etc]</subfield>
            </datafield>
            <datafield tag="362" ind1="0" ind2=" ">
               <subfield code="a">[1st] (1863-1884)-</subfield>
            </datafield>
            <datafield tag="610" ind1="2" ind2="0">
               <subfield code="a">Geological Survey of Canada</subfield>
               <subfield code="v">Bibliography.</subfield>
            </datafield>
            <datafield tag="650" ind1=" " ind2="0">
               <subfield code="a">Geology</subfield>
               <subfield code="z">Canada</subfield>
               <subfield code="v">Bibliography.</subfield>
            </datafield>
            <datafield tag="650" ind1=" " ind2="0">
               <subfield code="a">Paleontology</subfield>
               <subfield code="z">Canada</subfield>
               <subfield code="v">Bibliography.</subfield>
            </datafield>
            <datafield tag="710" ind1="2" ind2="2">
               <subfield code="a">Geological Survey of Canada.</subfield>
               <subfield code="t">General index to reports.</subfield>
            </datafield>
            <datafield tag="710" ind1="2" ind2="2">
               <subfield code="a">Geological Survey of Canada.</subfield>
               <subfield code="t">Index to palaeontology.</subfield>
            </datafield>
            <datafield tag="999" ind1=" " ind2=" ">
               <subfield code="a">Z6034.C19A5 4th 1847-1926</subfield>
               <subfield code="w">LCPER</subfield>
               <subfield code="c">1</subfield>
               <subfield code="i">000047389724</subfield>
               <subfield code="d">7/12/2017</subfield>
               <subfield code="l">STACKS-EM</subfield>
               <subfield code="m">UP-EMS</subfield>
               <subfield code="q">1</subfield>
               <subfield code="r">Y</subfield>
               <subfield code="s">Y</subfield>
               <subfield code="t">SERIAL</subfield>
               <subfield code="u">4/12/2001</subfield>
            </datafield>
            <datafield tag="999" ind1=" " ind2=" ">
               <subfield code="a">Z6034.C19A5 2d 1885-1906</subfield>
               <subfield code="w">LCPER</subfield>
               <subfield code="c">1</subfield>
               <subfield code="i">000047389748</subfield>
               <subfield code="d">1/6/2006</subfield>
               <subfield code="e">1/6/2006</subfield>
               <subfield code="l">STACKS-EM</subfield>
               <subfield code="m">UP-EMS</subfield>
               <subfield code="r">Y</subfield>
               <subfield code="s">Y</subfield>
               <subfield code="t">SERIAL</subfield>
               <subfield code="u">12/7/2001</subfield>
            </datafield>
            <datafield tag="999" ind1=" " ind2=" ">
               <subfield code="a">Z6034.C19A5 3d 1905-16</subfield>
               <subfield code="w">LCPER</subfield>
               <subfield code="c">1</subfield>
               <subfield code="i">000047389731</subfield>
               <subfield code="l">STACKS-EM</subfield>
               <subfield code="m">UP-EMS</subfield>
               <subfield code="r">Y</subfield>
               <subfield code="s">Y</subfield>
               <subfield code="t">SERIAL</subfield>
               <subfield code="u">12/7/2001</subfield>
            </datafield>
            <datafield tag="999" ind1=" " ind2=" ">
               <subfield code="a">Z6034.C19A5 5th 1910-26</subfield>
               <subfield code="w">LCPER</subfield>
               <subfield code="c">1</subfield>
               <subfield code="i">000047389717</subfield>
               <subfield code="l">STACKS-EM</subfield>
               <subfield code="m">UP-EMS</subfield>
               <subfield code="r">Y</subfield>
               <subfield code="s">Y</subfield>
               <subfield code="t">SERIAL</subfield>
               <subfield code="u">12/7/2001</subfield>
            </datafield>
            <datafield tag="999" ind1=" " ind2=" ">
               <subfield code="a">Z6034.C19A5 6th 1927-50</subfield>
               <subfield code="w">LCPER</subfield>
               <subfield code="c">1</subfield>
               <subfield code="i">000047389700</subfield>
               <subfield code="l">STACKS-EM</subfield>
               <subfield code="m">UP-EMS</subfield>
               <subfield code="r">Y</subfield>
               <subfield code="s">Y</subfield>
               <subfield code="t">SERIAL</subfield>
               <subfield code="u">12/7/2001</subfield>
            </datafield>
            <datafield tag="999" ind1=" " ind2=" ">
               <subfield code="a">Z6034.C19A5 7th 1951-59</subfield>
               <subfield code="w">LCPER</subfield>
               <subfield code="c">1</subfield>
               <subfield code="i">000047389694</subfield>
               <subfield code="l">STACKS-EM</subfield>
               <subfield code="m">UP-EMS</subfield>
               <subfield code="r">Y</subfield>
               <subfield code="s">Y</subfield>
               <subfield code="t">SERIAL</subfield>
               <subfield code="u">12/7/2001</subfield>
            </datafield>
            <datafield tag="999" ind1=" " ind2=" ">
               <subfield code="a">Z6034.C19A5 1st 1863-1884</subfield>
               <subfield code="w">LCPER</subfield>
               <subfield code="c">1</subfield>
               <subfield code="i">000054711976</subfield>
               <subfield code="l">STACKS-EM</subfield>
               <subfield code="m">UP-EMS</subfield>
               <subfield code="r">Y</subfield>
               <subfield code="s">Y</subfield>
               <subfield code="t">SERIAL</subfield>
               <subfield code="u">7/21/2005</subfield>
            </datafield>
      </record>
    </metadata>
  </record>