
   <record> 
    <header>
      <identifier>oai:cat.libraries.psu.edu:1455521</identifier> 
      <datestamp>2022-12-16</datestamp>
      <setSpec>BOOK</setSpec> 
    </header>
    <metadata>
      <record xmlns="http://www.loc.gov/MARC21/slim" xsi:schemaLocation="http://www.loc.gov/MARC21/slim http://www.loc.gov/standards/marcxml/schema/MARC21slim.xsd" type="Bibliographic">
         <leader>     nam  22      a 4500</leader>
         <controlfield tag="008">971210s1997    xx       b    000 0 eng d</controlfield>
            <datafield tag="020" ind1=" " ind2=" ">
               <subfield code="a">9282811727</subfield>
            </datafield>
            <datafield tag="035" ind1=" " ind2=" ">
               <subfield code="a">LIAS2053405</subfield>
            </datafield>
            <datafield tag="035" ind1=" " ind2=" ">
               <subfield code="a">(OCoLC)37806950</subfield>
            </datafield>
            <datafield tag="050" ind1="1" ind2="4">
               <subfield code="a">HD5701.55</subfield>
               <subfield code="b">T47 1997</subfield>
            </datafield>
            <datafield tag="100" ind1="1" ind2=" ">
               <subfield code="a">Tessaring, Manfred.</subfield>
            </datafield>
            <datafield tag="245" ind1="1" ind2="0">
               <subfield code="a">Forecasting sectors, occupational activities and qualifications in the Federal Republic of Germany :</subfield>
               <subfield code="b">a survey on research activities and recent findings /</subfield>
               <subfield code="c">Manfred Tessaring.</subfield>
            </datafield>
            <datafield tag="246" ind1="3" ind2="0">
               <subfield code="a">Survey on research activities and recent findings</subfield>
            </datafield>
            <datafield tag="250" ind1=" " ind2=" ">
               <subfield code="a">1st ed.</subfield>
            </datafield>
            <datafield tag="264" ind1=" " ind2="1">
               <subfield code="a">Thessaloniki [Greece] :</subfield>
               <subfield code="b">CEDEFOP, European Centre for the Development of Vocational Training,</subfield>
               <subfield code="c">1997.</subfield>
            </datafield>
            <datafield tag="264" ind1=" " ind2="2">
               <subfield code="a">Lanham, Md. :</subfield>
               <subfield code="b">Bernan Associates</subfield>
            </datafield>
            <datafield tag="300" ind1=" " ind2=" ">
               <subfield code="a">82 pages ;</subfield>
               <subfield code="c">28 cm.</subfield>
            </datafield>
            <datafield tag="490" ind1="1" ind2=" ">
               <subfield code="a">CEDEFOP document</subfield>
            </datafield>
            <datafield tag="500" ind1=" " ind2=" ">
               <subfield code="a">&quot;HX-07-97-410-EN-C&quot;--P. [4] of cover.</subfield>
            </datafield>
            <datafield tag="504" ind1=" " ind2=" ">
               <subfield code="a">Includes bibliographical references: (pages 81-82).</subfield>
            </datafield>
            <datafield tag="650" ind1=" " ind2="0">
               <subfield code="a">Employment forecasting</subfield>
               <subfield code="z">Germany.</subfield>
            </datafield>
            <datafield tag="650" ind1=" " ind2="0">
               <subfield code="a">Employment forecasting</subfield>
               <subfield code="x">Mathematical models.</subfield>
            </datafield>
            <datafield tag="650" ind1=" " ind2="0">
               <subfield code="a">Occupational training</subfield>
               <subfield code="z">Germany.</subfield>
            </datafield>
            <datafield tag="710" ind1="2" ind2=" ">
               <subfield code="a">European Centre for the Development of Vocational Training.</subfield>
            </datafield>
            <datafield tag="830" ind1=" " ind2="0">
               <subfield code="a">CEDEFOP document.</subfield>
            </datafield>
            <datafield tag="999" ind1=" " ind2=" ">
               <subfield code="a">EC 10.2:F 67</subfield>
               <subfield code="w">SUDOC</subfield>
               <subfield code="c">1</subfield>
               <subfield code="i">000031926423</subfield>
               <subfield code="d">3/12/2001</subfield>
               <subfield code="e">12/10/1997</subfield>
               <subfield code="l">DOC-INTL</subfield>
               <subfield code="m">UP-PAT</subfield>
               <subfield code="r">Y</subfield>
               <subfield code="s">Y</subfield>
               <subfield code="t">BOOK</subfield>
               <subfield code="u">4/13/2001</subfield>
            </datafield>
      </record>
    </metadata>
  </record>