
   <record> 
    <header>
      <identifier>oai:cat.libraries.psu.edu:1455524</identifier> 
      <datestamp>2022-12-16</datestamp>
      <setSpec>BOOK</setSpec> 
    </header>
    <metadata>
      <record xmlns="http://www.loc.gov/MARC21/slim" xsi:schemaLocation="http://www.loc.gov/MARC21/slim http://www.loc.gov/standards/marcxml/schema/MARC21slim.xsd" type="Bibliographic">
         <leader>     nam  22      a 4500</leader>
         <controlfield tag="008">950804s1993    xxua         f000 0 eng d</controlfield>
            <datafield tag="035" ind1=" " ind2=" ">
               <subfield code="a">LIAS1736890</subfield>
            </datafield>
            <datafield tag="035" ind1=" " ind2=" ">
               <subfield code="a">(OCoLC)29462766</subfield>
            </datafield>
            <datafield tag="050" ind1="1" ind2="4">
               <subfield code="a">D733</subfield>
               <subfield code="b">.F33 1993</subfield>
            </datafield>
            <datafield tag="245" ind1="0" ind2="4">
               <subfield code="a">The Face of war :</subfield>
               <subfield code="b">a study guide for the exhibition at the National Archives, March 1994-September 1995.</subfield>
            </datafield>
            <datafield tag="264" ind1=" " ind2="1">
               <subfield code="a">[Washington, D.C.?] :</subfield>
               <subfield code="b">The Administration,</subfield>
               <subfield code="c">[1993?]</subfield>
            </datafield>
            <datafield tag="300" ind1=" " ind2=" ">
               <subfield code="a">24 pages :</subfield>
               <subfield code="b">illustrations ;</subfield>
               <subfield code="c">28 cm</subfield>
            </datafield>
            <datafield tag="500" ind1=" " ind2=" ">
               <subfield code="a">Cover title.</subfield>
            </datafield>
            <datafield tag="500" ind1=" " ind2=" ">
               <subfield code="a">Shipping list no.: 93-0663-P.</subfield>
            </datafield>
            <datafield tag="610" ind1="1" ind2="0">
               <subfield code="a">United States.</subfield>
               <subfield code="b">National Archives and Records Administration.</subfield>
            </datafield>
            <datafield tag="650" ind1=" " ind2="0">
               <subfield code="a">World War, 1939-1945</subfield>
               <subfield code="x">History</subfield>
               <subfield code="x">Study and teaching (Higher)</subfield>
               <subfield code="z">United States</subfield>
               <subfield code="v">Exhibitions.</subfield>
            </datafield>
            <datafield tag="710" ind1="1" ind2=" ">
               <subfield code="a">United States.</subfield>
               <subfield code="b">National Archives and Records Administration.</subfield>
            </datafield>
            <datafield tag="999" ind1=" " ind2=" ">
               <subfield code="a">AE 1.108:W 24</subfield>
               <subfield code="w">SUDOC</subfield>
               <subfield code="c">1</subfield>
               <subfield code="i">000021870415</subfield>
               <subfield code="d">8/4/1995</subfield>
               <subfield code="e">1/4/1994</subfield>
               <subfield code="l">DOC-US</subfield>
               <subfield code="m">UP-PAT</subfield>
               <subfield code="r">Y</subfield>
               <subfield code="s">Y</subfield>
               <subfield code="t">BOOK</subfield>
               <subfield code="u">4/13/2001</subfield>
            </datafield>
      </record>
    </metadata>
  </record>