
   <record> 
    <header>
      <identifier>oai:cat.libraries.psu.edu:1455525</identifier> 
      <datestamp>2022-12-16</datestamp>
      <setSpec>BOOK</setSpec> 
    </header>
    <metadata>
      <record xmlns="http://www.loc.gov/MARC21/slim" xsi:schemaLocation="http://www.loc.gov/MARC21/slim http://www.loc.gov/standards/marcxml/schema/MARC21slim.xsd" type="Bibliographic">
         <leader>     nas  22        4500</leader>
         <controlfield tag="008">980910t19971997xxua          000 0 eng d</controlfield>
            <datafield tag="010" ind1=" " ind2=" ">
               <subfield code="a">   97032734</subfield>
            </datafield>
            <datafield tag="020" ind1=" " ind2=" ">
               <subfield code="a">1558216685</subfield>
            </datafield>
            <datafield tag="035" ind1=" " ind2=" ">
               <subfield code="a">LIAS2053406</subfield>
            </datafield>
            <datafield tag="035" ind1=" " ind2=" ">
               <subfield code="a">(OCoLC)37935015</subfield>
            </datafield>
            <datafield tag="050" ind1="0" ind2="0">
               <subfield code="a">QH541.5.C7</subfield>
               <subfield code="b">K64 1997</subfield>
            </datafield>
            <datafield tag="100" ind1="1" ind2=" ">
               <subfield code="a">Köhler, Annemarie.</subfield>
            </datafield>
            <datafield tag="245" ind1="1" ind2="4">
               <subfield code="a">The underwater explorer :</subfield>
               <subfield code="b">secrets of a blue universe /</subfield>
               <subfield code="c">Annemarie and Danja Köhler.</subfield>
            </datafield>
            <datafield tag="264" ind1=" " ind2="1">
               <subfield code="a">New York :</subfield>
               <subfield code="b">Lyons Press,</subfield>
               <subfield code="c">[1997]</subfield>
            </datafield>
            <datafield tag="264" ind1=" " ind2="4">
               <subfield code="c">©1997</subfield>
            </datafield>
            <datafield tag="300" ind1=" " ind2=" ">
               <subfield code="a">160 pages :</subfield>
               <subfield code="b">color illustrations ;</subfield>
               <subfield code="c">28 cm</subfield>
            </datafield>
            <datafield tag="500" ind1=" " ind2=" ">
               <subfield code="a">&quot;First published in 1997 by New Holland (Publishers) Ltd, London&quot;--T.p. verso.</subfield>
            </datafield>
            <datafield tag="500" ind1=" " ind2=" ">
               <subfield code="a">Includes index.</subfield>
            </datafield>
            <datafield tag="650" ind1=" " ind2="0">
               <subfield code="a">Coral reef ecology.</subfield>
            </datafield>
            <datafield tag="650" ind1=" " ind2="0">
               <subfield code="a">Coral reef animals.</subfield>
            </datafield>
            <datafield tag="700" ind1="1" ind2=" ">
               <subfield code="a">Köhler, Danja.</subfield>
            </datafield>
            <datafield tag="999" ind1=" " ind2=" ">
               <subfield code="a">QH541.5.C7K64 1997</subfield>
               <subfield code="w">LC</subfield>
               <subfield code="c">1</subfield>
               <subfield code="i">000033201696</subfield>
               <subfield code="d">2/3/2015</subfield>
               <subfield code="e">2/24/2010</subfield>
               <subfield code="l">PATERNO-4</subfield>
               <subfield code="m">UP-PAT</subfield>
               <subfield code="n">26</subfield>
               <subfield code="q">1</subfield>
               <subfield code="r">Y</subfield>
               <subfield code="s">Y</subfield>
               <subfield code="t">BOOK</subfield>
               <subfield code="u">4/13/2001</subfield>
            </datafield>
      </record>
    </metadata>
  </record>