
   <record> 
    <header>
      <identifier>oai:cat.libraries.psu.edu:1455527</identifier> 
      <datestamp>2022-12-16</datestamp>
      <setSpec>MICROFORM</setSpec> 
    </header>
    <metadata>
      <record xmlns="http://www.loc.gov/MARC21/slim" xsi:schemaLocation="http://www.loc.gov/MARC21/slim http://www.loc.gov/standards/marcxml/schema/MARC21slim.xsd" type="Bibliographic">
         <leader>     nam  22     Ia 4500</leader>
         <controlfield tag="008">910809s1989    xxuab        f000 0 eng d</controlfield>
            <datafield tag="010" ind1=" " ind2=" ">
               <subfield code="a">   89602400</subfield>
            </datafield>
            <datafield tag="035" ind1=" " ind2=" ">
               <subfield code="a">LIAS1579730</subfield>
            </datafield>
            <datafield tag="035" ind1=" " ind2=" ">
               <subfield code="a">(OCoLC)24080840</subfield>
            </datafield>
            <datafield tag="050" ind1="0" ind2="0">
               <subfield code="a">KF27</subfield>
               <subfield code="b">.V444 1989</subfield>
            </datafield>
            <datafield tag="110" ind1="1" ind2=" ">
               <subfield code="a">United States.</subfield>
               <subfield code="b">Congress.</subfield>
               <subfield code="b">House.</subfield>
               <subfield code="b">Committee on Veterans' Affairs.</subfield>
               <subfield code="b">Subcommittee on Hospitals and Health Care.</subfield>
            </datafield>
            <datafield tag="245" ind1="1" ind2="0">
               <subfield code="a">Department of Veterans Affairs construction request for FY 1990 :</subfield>
               <subfield code="b">hearing before the Subcommittee on Hospitals and Health Care of the Committee on Veterans Affairs, House of Representatives, One Hundred First Congress, first session, February 1, 1989.</subfield>
            </datafield>
            <datafield tag="264" ind1=" " ind2="1">
               <subfield code="a">Washington :</subfield>
               <subfield code="b">U.S. G.P.O.,</subfield>
               <subfield code="c">1989.</subfield>
            </datafield>
            <datafield tag="264" ind1=" " ind2="2">
               <subfield code="a">Washington :</subfield>
               <subfield code="b">For sale by the Supt. of Docs., Congressional Sales Office, U.S. G.P.O.</subfield>
            </datafield>
            <datafield tag="300" ind1=" " ind2=" ">
               <subfield code="a">iv, 154 pages :</subfield>
               <subfield code="b">illustrations, maps ;</subfield>
               <subfield code="c">24 cm</subfield>
            </datafield>
            <datafield tag="500" ind1=" " ind2=" ">
               <subfield code="a">&quot;Serial no. 101-1.</subfield>
            </datafield>
            <datafield tag="610" ind1="1" ind2="0">
               <subfield code="a">United States.</subfield>
               <subfield code="b">Department of Veterans Affairs</subfield>
               <subfield code="x">Appropriations and expenditures.</subfield>
            </datafield>
            <datafield tag="650" ind1=" " ind2="0">
               <subfield code="a">Veterans' hospitals</subfield>
               <subfield code="z">United States</subfield>
               <subfield code="x">Design and construction.</subfield>
            </datafield>
            <datafield tag="650" ind1=" " ind2="0">
               <subfield code="a">Veterans' hospitals</subfield>
               <subfield code="z">United States</subfield>
               <subfield code="x">Finance.</subfield>
            </datafield>
            <datafield tag="533" ind1=" " ind2=" ">
               <subfield code="a">Microform.</subfield>
               <subfield code="b">Washington, D.C.,</subfield>
               <subfield code="c">U.S. G.P.O.,</subfield>
               <subfield code="d">1991.</subfield>
               <subfield code="e">2 microfiches : negative.</subfield>
            </datafield>
            <datafield tag="999" ind1=" " ind2=" ">
               <subfield code="a">Y 4.V 64/3:101-1</subfield>
               <subfield code="w">SUDOC</subfield>
               <subfield code="c">1</subfield>
               <subfield code="i">1455527-1001</subfield>
               <subfield code="d">8/28/1992</subfield>
               <subfield code="l">DOC-US</subfield>
               <subfield code="m">UP-PAT</subfield>
               <subfield code="r">Y</subfield>
               <subfield code="s">Y</subfield>
               <subfield code="t">MICROFORM</subfield>
               <subfield code="u">4/13/2001</subfield>
            </datafield>
      </record>
    </metadata>
  </record>