
   <record> 
    <header>
      <identifier>oai:cat.libraries.psu.edu:1455532</identifier> 
      <datestamp>2022-12-16</datestamp>
      <setSpec>PERIODICAL</setSpec> 
    </header>
    <metadata>
      <record xmlns="http://www.loc.gov/MARC21/slim" xsi:schemaLocation="http://www.loc.gov/MARC21/slim http://www.loc.gov/standards/marcxml/schema/MARC21slim.xsd" type="Bibliographic">
         <leader>     nam  22     Ia 4500</leader>
         <controlfield tag="008">941003d19942000nvufx p      s0   a0eng d</controlfield>
            <datafield tag="010" ind1=" " ind2=" ">
               <subfield code="a">sn 95020339</subfield>
            </datafield>
            <datafield tag="022" ind1="0" ind2=" ">
               <subfield code="a">1531-0930</subfield>
            </datafield>
            <datafield tag="035" ind1=" " ind2=" ">
               <subfield code="a">(OCoLC)31211245</subfield>
            </datafield>
            <datafield tag="050" ind1="0" ind2="0">
               <subfield code="a">GV1301</subfield>
               <subfield code="b">.G36</subfield>
            </datafield>
            <datafield tag="050" ind1=" " ind2="4">
               <subfield code="a">GV1301</subfield>
               <subfield code="b">.G355</subfield>
            </datafield>
            <datafield tag="082" ind1="1" ind2="0">
               <subfield code="a">795</subfield>
               <subfield code="2">13</subfield>
            </datafield>
            <datafield tag="222" ind1=" " ind2="0">
               <subfield code="a">Gaming research &amp; review journal</subfield>
            </datafield>
            <datafield tag="245" ind1="0" ind2="0">
               <subfield code="a">Gaming research &amp; review journal.</subfield>
            </datafield>
            <datafield tag="246" ind1="1" ind2="3">
               <subfield code="a">GR&amp;RJ</subfield>
            </datafield>
            <datafield tag="246" ind1="3" ind2=" ">
               <subfield code="a">Gaming research and review journal</subfield>
            </datafield>
            <datafield tag="246" ind1="3" ind2="0">
               <subfield code="a">Gaming journal</subfield>
            </datafield>
            <datafield tag="264" ind1=" " ind2="1">
               <subfield code="a">Las Vegas, Nev. :</subfield>
               <subfield code="b">UNLV International Gaming Institute, William F. Harrah College of Hotel Administration,</subfield>
               <subfield code="c">1994-</subfield>
            </datafield>
            <datafield tag="300" ind1=" " ind2=" ">
               <subfield code="a">volumes ;</subfield>
               <subfield code="c">28 cm</subfield>
            </datafield>
            <datafield tag="310" ind1=" " ind2=" ">
               <subfield code="a">Two issues yearly</subfield>
            </datafield>
            <datafield tag="362" ind1="0" ind2=" ">
               <subfield code="a">Vol. 1, issue 1 (1994)-</subfield>
            </datafield>
            <datafield tag="362" ind1="1" ind2=" ">
               <subfield code="a">Ceased with vol. 5, issue 2 copy-righted in 2000?</subfield>
            </datafield>
            <datafield tag="650" ind1=" " ind2="0">
               <subfield code="a">Gambling</subfield>
               <subfield code="v">Periodicals.</subfield>
            </datafield>
            <datafield tag="650" ind1=" " ind2="0">
               <subfield code="a">Gambling</subfield>
               <subfield code="x">Law and legislation</subfield>
               <subfield code="v">Periodicals.</subfield>
            </datafield>
            <datafield tag="710" ind1="2" ind2=" ">
               <subfield code="a">University of Nevada, La Vegas.</subfield>
               <subfield code="b">William F. Harrah College of Hotel Administration.</subfield>
            </datafield>
            <datafield tag="710" ind1="2" ind2=" ">
               <subfield code="a">University of Nevada, Las Vegas.</subfield>
               <subfield code="b">International Gaming Institute.</subfield>
            </datafield>
            <datafield tag="710" ind1="2" ind2=" ">
               <subfield code="a">ACE Denken Company.</subfield>
            </datafield>
            <datafield tag="710" ind1="2" ind2=" ">
               <subfield code="a">Nevada Gaming Attorneys Association.</subfield>
            </datafield>
            <datafield tag="785" ind1="0" ind2="0">
               <subfield code="t">UNLV gaming research &amp; review journal</subfield>
               <subfield code="x">1535-7589</subfield>
               <subfield code="w">(DLC)  2001215249</subfield>
               <subfield code="w">(OCoLC)48128144</subfield>
            </datafield>
            <datafield tag="037" ind1=" " ind2=" ">
               <subfield code="b">UNLV International Gaming Institute, 4505 Maryland Parkway, Las Vegas, NV, 89154-6037</subfield>
            </datafield>
            <datafield tag="999" ind1=" " ind2=" ">
               <subfield code="a">GV1301.G355 v.1-3 1994-96</subfield>
               <subfield code="w">LCPER</subfield>
               <subfield code="c">1</subfield>
               <subfield code="i">000052508455</subfield>
               <subfield code="d">2/3/2012</subfield>
               <subfield code="e">4/11/2011</subfield>
               <subfield code="l">PATERNO-2</subfield>
               <subfield code="m">UP-PAT</subfield>
               <subfield code="n">1</subfield>
               <subfield code="q">1</subfield>
               <subfield code="r">Y</subfield>
               <subfield code="s">Y</subfield>
               <subfield code="t">PERIODICAL</subfield>
               <subfield code="u">6/26/2003</subfield>
               <subfield code="o">.STAFF. Digitized Copy Instructions: Do not delete or replace the barcode in this item record. It links to the digitized copy of this volume. If WITHDRAWING the volume or REPLACING a barcode, update the item record to reflect an ONLINE resource. Add a new barcode by adding a second item record. See Access Services Training Bulletin no. 25 for full instructions.</subfield>
            </datafield>
            <datafield tag="999" ind1=" " ind2=" ">
               <subfield code="a">GV1301.G355 v.5</subfield>
               <subfield code="w">LCPER</subfield>
               <subfield code="c">1</subfield>
               <subfield code="i">000052781896</subfield>
               <subfield code="d">2/3/2012</subfield>
               <subfield code="l">PATERNO-2</subfield>
               <subfield code="m">UP-PAT</subfield>
               <subfield code="q">1</subfield>
               <subfield code="r">Y</subfield>
               <subfield code="s">Y</subfield>
               <subfield code="t">PERIODICAL</subfield>
               <subfield code="u">1/22/2004</subfield>
            </datafield>
            <datafield tag="999" ind1=" " ind2=" ">
               <subfield code="a">GV1301.G355 v.4</subfield>
               <subfield code="w">LCPER</subfield>
               <subfield code="c">1</subfield>
               <subfield code="i">000063841800</subfield>
               <subfield code="d">5/23/2011</subfield>
               <subfield code="e">4/11/2011</subfield>
               <subfield code="l">PATERNO-2</subfield>
               <subfield code="m">UP-PAT</subfield>
               <subfield code="r">Y</subfield>
               <subfield code="s">Y</subfield>
               <subfield code="t">PERIODICAL</subfield>
               <subfield code="u">9/22/2008</subfield>
               <subfield code="o">.STAFF. Digitized Copy Instructions: Do not delete or replace the barcode in this item record. It links to the digitized copy of this volume. If WITHDRAWING the volume or REPLACING a barcode, update the item record to reflect an ONLINE resource. Add a new barcode by adding a second item record. See Access Services Training Bulletin no. 25 for full instructions.</subfield>
            </datafield>
      </record>
    </metadata>
  </record>