
   <record> 
    <header>
      <identifier>oai:cat.libraries.psu.edu:145554</identifier> 
      <datestamp>2022-12-16</datestamp>
      <setSpec>BOOK</setSpec> 
    </header>
    <metadata>
      <record xmlns="http://www.loc.gov/MARC21/slim" xsi:schemaLocation="http://www.loc.gov/MARC21/slim http://www.loc.gov/standards/marcxml/schema/MARC21slim.xsd" type="Bibliographic">
         <leader>     nam  22     8a 4500</leader>
         <controlfield tag="008">830126s1945    xx            000 0 eng d</controlfield>
            <datafield tag="035" ind1=" " ind2=" ">
               <subfield code="a">LIAS247827</subfield>
            </datafield>
            <datafield tag="035" ind1=" " ind2=" ">
               <subfield code="a">(OCoLC)6928025</subfield>
            </datafield>
            <datafield tag="110" ind1="2" ind2=" ">
               <subfield code="a">American Public Works Association.</subfield>
            </datafield>
            <datafield tag="245" ind1="1" ind2="0">
               <subfield code="a">Organizing for municipal public works operations :</subfield>
               <subfield code="b">a study of the departmental structure in small, medium-sized, and large cities and an open discussion of operational problems.</subfield>
            </datafield>
            <datafield tag="264" ind1=" " ind2="1">
               <subfield code="a">Chicago :</subfield>
               <subfield code="b">American public works association,</subfield>
               <subfield code="c">[1945]</subfield>
            </datafield>
            <datafield tag="300" ind1=" " ind2=" ">
               <subfield code="a">31 pages ;</subfield>
               <subfield code="c">22 cm</subfield>
            </datafield>
            <datafield tag="490" ind1="1" ind2=" ">
               <subfield code="a">Bulletin ;</subfield>
               <subfield code="v">no. 24</subfield>
            </datafield>
            <datafield tag="500" ind1=" " ind2=" ">
               <subfield code="a">&quot;This bulletin ... presents a portion of the proceedings of the 1944 Public works congress&quot;- Foreward.</subfield>
            </datafield>
            <datafield tag="650" ind1=" " ind2="0">
               <subfield code="a">Municipal government</subfield>
               <subfield code="z">United States.</subfield>
            </datafield>
            <datafield tag="650" ind1=" " ind2="0">
               <subfield code="a">Public works</subfield>
               <subfield code="z">United States.</subfield>
            </datafield>
            <datafield tag="710" ind1="2" ind2=" ">
               <subfield code="a">Public Works Congress.</subfield>
            </datafield>
            <datafield tag="999" ind1=" " ind2=" ">
               <subfield code="a">352.5Am3o</subfield>
               <subfield code="w">DEWEY</subfield>
               <subfield code="c">1</subfield>
               <subfield code="i">000057656984</subfield>
               <subfield code="d">11/20/1991</subfield>
               <subfield code="l">CATO-PARK</subfield>
               <subfield code="m">UP-ANNEX</subfield>
               <subfield code="r">Y</subfield>
               <subfield code="s">Y</subfield>
               <subfield code="t">BOOK</subfield>
               <subfield code="u">4/12/2001</subfield>
            </datafield>
      </record>
    </metadata>
  </record>