
   <record> 
    <header>
      <identifier>oai:cat.libraries.psu.edu:1455542</identifier> 
      <datestamp>2022-12-16</datestamp>
      <setSpec>BOOK</setSpec> 
    </header>
    <metadata>
      <record xmlns="http://www.loc.gov/MARC21/slim" xsi:schemaLocation="http://www.loc.gov/MARC21/slim http://www.loc.gov/standards/marcxml/schema/MARC21slim.xsd" type="Bibliographic">
         <leader>     nam  22     1a 4500</leader>
         <controlfield tag="008">931213s1993    xx a     b   f000 0 eng d</controlfield>
            <datafield tag="020" ind1=" " ind2=" ">
               <subfield code="a">062115427X</subfield>
            </datafield>
            <datafield tag="035" ind1=" " ind2=" ">
               <subfield code="a">LIAS1736896</subfield>
            </datafield>
            <datafield tag="035" ind1=" " ind2=" ">
               <subfield code="a">(OCoLC)29423088</subfield>
            </datafield>
            <datafield tag="100" ind1="1" ind2=" ">
               <subfield code="a">Le Roux, J. P.</subfield>
            </datafield>
            <datafield tag="245" ind1="1" ind2="0">
               <subfield code="a">Lithostratigraphy of the Matjies River Formation (Kango Group), including the Nooitgedagt and Kombuis members /</subfield>
               <subfield code="c">J.P. Le Roux.</subfield>
            </datafield>
            <datafield tag="264" ind1=" " ind2="1">
               <subfield code="a">Pretoria :</subfield>
               <subfield code="b">Geological Survey, Republic of South Africa,</subfield>
               <subfield code="c">1993.</subfield>
            </datafield>
            <datafield tag="300" ind1=" " ind2=" ">
               <subfield code="a">8 pages :</subfield>
               <subfield code="b">illustrations ;</subfield>
               <subfield code="c">30 cm.</subfield>
            </datafield>
            <datafield tag="490" ind1="1" ind2=" ">
               <subfield code="a">Lithostratigraphic series =</subfield>
               <subfield code="a">Litostratigrafiese reeks ;</subfield>
               <subfield code="v">no. 25</subfield>
            </datafield>
            <datafield tag="500" ind1=" " ind2=" ">
               <subfield code="a">At head of title: Department of Mineral and Energy Affairs, Departement van Mineraal-en Energiesake, Geological Survey, Geologiese Opname.</subfield>
            </datafield>
            <datafield tag="500" ind1=" " ind2=" ">
               <subfield code="a">&quot;Manuscript received: May 1990&quot;--T.p. verso.</subfield>
            </datafield>
            <datafield tag="500" ind1=" " ind2=" ">
               <subfield code="a">&quot;Accepted for publication: February 1993&quot;--T.p. verso.</subfield>
            </datafield>
            <datafield tag="504" ind1=" " ind2=" ">
               <subfield code="a">Includes bibliographical references (page 8).</subfield>
            </datafield>
            <datafield tag="650" ind1=" " ind2="0">
               <subfield code="a">Geology</subfield>
               <subfield code="z">South Africa.</subfield>
            </datafield>
            <datafield tag="650" ind1=" " ind2="0">
               <subfield code="a">Geology, Stratigraphic</subfield>
               <subfield code="y">Precambrian.</subfield>
            </datafield>
            <datafield tag="651" ind1=" " ind2="0">
               <subfield code="a">Matjies River Formation (South Africa)</subfield>
            </datafield>
            <datafield tag="830" ind1=" " ind2="0">
               <subfield code="a">Lithostratigraphic series ;</subfield>
               <subfield code="v">no. 25.</subfield>
            </datafield>
            <datafield tag="999" ind1=" " ind2=" ">
               <subfield code="a">QE325.L58 no.25</subfield>
               <subfield code="w">LC</subfield>
               <subfield code="c">1</subfield>
               <subfield code="i">000021884245</subfield>
               <subfield code="d">12/13/1993</subfield>
               <subfield code="e">2/3/1994</subfield>
               <subfield code="l">CATO-2</subfield>
               <subfield code="m">UP-ANNEX</subfield>
               <subfield code="r">Y</subfield>
               <subfield code="s">Y</subfield>
               <subfield code="t">BOOK</subfield>
               <subfield code="u">4/13/2001</subfield>
               <subfield code="z">6452</subfield>
            </datafield>
      </record>
    </metadata>
  </record>