
   <record> 
    <header>
      <identifier>oai:cat.libraries.psu.edu:1455546</identifier> 
      <datestamp>2022-12-16</datestamp>
      <setSpec>VIDEO</setSpec> 
    </header>
    <metadata>
      <record xmlns="http://www.loc.gov/MARC21/slim" xsi:schemaLocation="http://www.loc.gov/MARC21/slim http://www.loc.gov/standards/marcxml/schema/MARC21slim.xsd" type="Bibliographic">
         <leader>     nam  22     Ia 4500</leader>
         <controlfield tag="008">910809s1988    xx ---            vufre d</controlfield>
            <datafield tag="035" ind1=" " ind2=" ">
               <subfield code="a">LIAS1579735</subfield>
            </datafield>
            <datafield tag="035" ind1=" " ind2=" ">
               <subfield code="a">(OCoLC)21756027</subfield>
            </datafield>
            <datafield tag="245" ind1="0" ind2="3">
               <subfield code="a">Le Neveu de Rameau</subfield>
               <subfield code="h">[videorecording] :</subfield>
               <subfield code="b">satire dialoguée de Denis Diderto /</subfield>
               <subfield code="c">SFP ; adaptation de Pierre Fresnay, Jacques Henri Duval ; réalisation de Claude Santelli.</subfield>
            </datafield>
            <datafield tag="264" ind1=" " ind2="1">
               <subfield code="a">Princeton, N.J. :</subfield>
               <subfield code="b">Films for the Humanities,</subfield>
               <subfield code="c">1988.</subfield>
            </datafield>
            <datafield tag="300" ind1=" " ind2=" ">
               <subfield code="a">1 videocassette (90 min.) :</subfield>
               <subfield code="b">sound, color ;</subfield>
               <subfield code="c">1/2 in.</subfield>
            </datafield>
            <datafield tag="500" ind1=" " ind2=" ">
               <subfield code="a">Originally produced by TF 1.</subfield>
            </datafield>
            <datafield tag="500" ind1=" " ind2=" ">
               <subfield code="a">In French, English subtitles.</subfield>
            </datafield>
            <datafield tag="511" ind1="1" ind2=" ">
               <subfield code="a">Denis Hirbon, Christophe Nollier, Michel Bouquet, Teddy Bilis, Larry Bender.</subfield>
            </datafield>
            <datafield tag="520" ind1=" " ind2=" ">
               <subfield code="a">Denis Diderot's portrait of a man and of the corrupt age he exemplifies takes the form of a dialogue between the writer-as-philosopher and the cynical, lazy, and depraved Jean-Francois Rameau, nephew of the composer.</subfield>
            </datafield>
            <datafield tag="600" ind1="1" ind2="0">
               <subfield code="a">Diderot, Denis,</subfield>
               <subfield code="d">1713-1784.</subfield>
               <subfield code="t">Neveu de Rameau.</subfield>
            </datafield>
            <datafield tag="700" ind1="1" ind2=" ">
               <subfield code="a">Fresnay, Pierre,</subfield>
               <subfield code="d">1897-1975.</subfield>
            </datafield>
            <datafield tag="700" ind1="1" ind2=" ">
               <subfield code="a">Duval, Jacques-Henri.</subfield>
            </datafield>
            <datafield tag="700" ind1="1" ind2=" ">
               <subfield code="a">Santelli, Claude.</subfield>
            </datafield>
            <datafield tag="700" ind1="1" ind2=" ">
               <subfield code="a">Hirbon, Denis.</subfield>
            </datafield>
            <datafield tag="700" ind1="1" ind2=" ">
               <subfield code="a">Diderot, Denis,</subfield>
               <subfield code="d">1713-1784.</subfield>
               <subfield code="t">Neveu de Rameau.</subfield>
            </datafield>
            <datafield tag="710" ind1="2" ind2=" ">
               <subfield code="a">Société française de photographie.</subfield>
            </datafield>
            <datafield tag="710" ind1="2" ind2=" ">
               <subfield code="a">Société nationale télévision française 1.</subfield>
            </datafield>
            <datafield tag="710" ind1="2" ind2=" ">
               <subfield code="a">Films for the Humanities (Firm)</subfield>
            </datafield>
            <datafield tag="999" ind1=" " ind2=" ">
               <subfield code="a">90519 VHS</subfield>
               <subfield code="w">ASIS</subfield>
               <subfield code="c">1</subfield>
               <subfield code="i">000064768533</subfield>
               <subfield code="d">8/9/1991</subfield>
               <subfield code="l">FILM-CTR</subfield>
               <subfield code="m">UP-ANNEX</subfield>
               <subfield code="r">Y</subfield>
               <subfield code="s">Y</subfield>
               <subfield code="t">VIDEO</subfield>
               <subfield code="u">4/13/2001</subfield>
            </datafield>
      </record>
    </metadata>
  </record>