
   <record> 
    <header>
      <identifier>oai:cat.libraries.psu.edu:1455547</identifier> 
      <datestamp>2022-12-16</datestamp>
      <setSpec>BOOK</setSpec> 
    </header>
    <metadata>
      <record xmlns="http://www.loc.gov/MARC21/slim" xsi:schemaLocation="http://www.loc.gov/MARC21/slim http://www.loc.gov/standards/marcxml/schema/MARC21slim.xsd" type="Bibliographic">
         <leader>     nam  22      a 4500</leader>
         <controlfield tag="008">931213t19921992xxua     b    000 0 eng d</controlfield>
            <datafield tag="020" ind1=" " ind2=" ">
               <subfield code="a">0871114011 (pbk.)</subfield>
            </datafield>
            <datafield tag="035" ind1=" " ind2=" ">
               <subfield code="a">LIAS1736897</subfield>
            </datafield>
            <datafield tag="035" ind1=" " ind2=" ">
               <subfield code="a">(OCoLC)26227875</subfield>
            </datafield>
            <datafield tag="050" ind1="1" ind2="4">
               <subfield code="a">Z674.4</subfield>
               <subfield code="b">.S65 1992</subfield>
            </datafield>
            <datafield tag="110" ind1="2" ind2=" ">
               <subfield code="a">Special Libraries Association.</subfield>
               <subfield code="b">Conference</subfield>
               <subfield code="n">(83rd :</subfield>
               <subfield code="d">1992 :</subfield>
               <subfield code="c">San Francisco, Calif.)</subfield>
            </datafield>
            <datafield tag="245" ind1="1" ind2="0">
               <subfield code="a">Information services :</subfield>
               <subfield code="b">gateway to competitive advantage : professional papers from the 83rd Annual Conference of the Special Libraries Association, June 6-11, 1992, San Francisco, CA /</subfield>
               <subfield code="c">Special Libraries Association.</subfield>
            </datafield>
            <datafield tag="264" ind1=" " ind2="1">
               <subfield code="a">Washington, DC :</subfield>
               <subfield code="b">The Association,</subfield>
               <subfield code="c">[1992]</subfield>
            </datafield>
            <datafield tag="264" ind1=" " ind2="4">
               <subfield code="c">©1992</subfield>
            </datafield>
            <datafield tag="300" ind1=" " ind2=" ">
               <subfield code="a">v, 191 pages :</subfield>
               <subfield code="b">illustrations ;</subfield>
               <subfield code="c">28 cm</subfield>
            </datafield>
            <datafield tag="504" ind1=" " ind2=" ">
               <subfield code="a">Includes bibliographical references.</subfield>
            </datafield>
            <datafield tag="650" ind1=" " ind2="0">
               <subfield code="a">Information services</subfield>
               <subfield code="v">Congresses.</subfield>
            </datafield>
            <datafield tag="650" ind1=" " ind2="0">
               <subfield code="a">Business intelligence</subfield>
               <subfield code="v">Congresses.</subfield>
            </datafield>
            <datafield tag="999" ind1=" " ind2=" ">
               <subfield code="a">Z674.4.S65 1992</subfield>
               <subfield code="w">LC</subfield>
               <subfield code="c">1</subfield>
               <subfield code="i">000021679896</subfield>
               <subfield code="d">7/9/2014</subfield>
               <subfield code="e">5/5/2014</subfield>
               <subfield code="l">CATO-2</subfield>
               <subfield code="m">UP-ANNEX</subfield>
               <subfield code="n">3</subfield>
               <subfield code="r">Y</subfield>
               <subfield code="s">Y</subfield>
               <subfield code="t">BOOK</subfield>
               <subfield code="u">4/13/2001</subfield>
               <subfield code="z">7324</subfield>
            </datafield>
      </record>
    </metadata>
  </record>