
   <record> 
    <header>
      <identifier>oai:cat.libraries.psu.edu:145555</identifier> 
      <datestamp>2022-12-16</datestamp>
      <setSpec>BOOK</setSpec> 
    </header>
    <metadata>
      <record xmlns="http://www.loc.gov/MARC21/slim" xsi:schemaLocation="http://www.loc.gov/MARC21/slim http://www.loc.gov/standards/marcxml/schema/MARC21slim.xsd" type="Bibliographic">
         <leader>     nam  22     Ia 4500</leader>
         <controlfield tag="008">820315t19421942xx            000 0 eng d</controlfield>
            <datafield tag="035" ind1=" " ind2=" ">
               <subfield code="a">LIAS188575</subfield>
            </datafield>
            <datafield tag="035" ind1=" " ind2=" ">
               <subfield code="a">(OCoLC)316819474</subfield>
            </datafield>
            <datafield tag="130" ind1="0" ind2=" ">
               <subfield code="a">Vogue.</subfield>
            </datafield>
            <datafield tag="245" ind1="1" ind2="0">
               <subfield code="a">Vogue's first reader /</subfield>
               <subfield code="c">introd. by Frank Crowninshield.</subfield>
            </datafield>
            <datafield tag="264" ind1=" " ind2="1">
               <subfield code="a">Garden City, N.Y. :</subfield>
               <subfield code="b">Halcyon House,</subfield>
               <subfield code="c">[1942]</subfield>
            </datafield>
            <datafield tag="264" ind1=" " ind2="4">
               <subfield code="c">[©1942]</subfield>
            </datafield>
            <datafield tag="300" ind1=" " ind2=" ">
               <subfield code="a">xvi, 557 pages ;</subfield>
               <subfield code="c">27 cm</subfield>
            </datafield>
            <datafield tag="650" ind1=" " ind2="0">
               <subfield code="a">Literature, Modern</subfield>
               <subfield code="y">20th century.</subfield>
            </datafield>
            <datafield tag="999" ind1=" " ind2=" ">
               <subfield code="a">PN6014.V6 1942</subfield>
               <subfield code="w">LC</subfield>
               <subfield code="c">1</subfield>
               <subfield code="i">000061169616</subfield>
               <subfield code="l">MARSHALL</subfield>
               <subfield code="m">HARRISBURG</subfield>
               <subfield code="r">Y</subfield>
               <subfield code="s">Y</subfield>
               <subfield code="t">BOOK</subfield>
               <subfield code="u">11/13/2008</subfield>
            </datafield>
      </record>
    </metadata>
  </record>