
   <record> 
    <header>
      <identifier>oai:cat.libraries.psu.edu:1455553</identifier> 
      <datestamp>2022-12-16</datestamp>
      <setSpec>BOOK</setSpec> 
    </header>
    <metadata>
      <record xmlns="http://www.loc.gov/MARC21/slim" xsi:schemaLocation="http://www.loc.gov/MARC21/slim http://www.loc.gov/standards/marcxml/schema/MARC21slim.xsd" type="Bibliographic">
         <leader>     nam  22     Ia 4500</leader>
         <controlfield tag="008">960118t19951995xxuac    b    000 0 eng d</controlfield>
            <datafield tag="020" ind1=" " ind2=" ">
               <subfield code="a">1560721669</subfield>
            </datafield>
            <datafield tag="035" ind1=" " ind2=" ">
               <subfield code="a">LIAS1893430</subfield>
            </datafield>
            <datafield tag="035" ind1=" " ind2=" ">
               <subfield code="a">(OCoLC)33900218</subfield>
            </datafield>
            <datafield tag="041" ind1="1" ind2=" ">
               <subfield code="a">eng</subfield>
               <subfield code="h">rus</subfield>
            </datafield>
            <datafield tag="050" ind1="1" ind2="4">
               <subfield code="a">QD501</subfield>
               <subfield code="b">.E5513 1995</subfield>
            </datafield>
            <datafield tag="100" ind1="1" ind2=" ">
               <subfield code="a">Ėmanuėlʹ, N. M.</subfield>
               <subfield code="q">(Nikolaĭ Markovich),</subfield>
               <subfield code="d">1915-1984.</subfield>
            </datafield>
            <datafield tag="245" ind1="1" ind2="0">
               <subfield code="a">Chemical kinetics and chain reactions :</subfield>
               <subfield code="b">historical aspects /</subfield>
               <subfield code="c">V.A. Kritsman, G.E. Zaikov and N.M. Emanuel ; translated by B.L. Kozhushin.</subfield>
            </datafield>
            <datafield tag="264" ind1=" " ind2="1">
               <subfield code="a">Commack, N.Y. :</subfield>
               <subfield code="b">Nova Science Publishers,</subfield>
               <subfield code="c">[1995]</subfield>
            </datafield>
            <datafield tag="264" ind1=" " ind2="4">
               <subfield code="c">©1995</subfield>
            </datafield>
            <datafield tag="300" ind1=" " ind2=" ">
               <subfield code="a">xxviii, 429 pages :</subfield>
               <subfield code="b">illustrations, portraits ;</subfield>
               <subfield code="c">29 cm</subfield>
            </datafield>
            <datafield tag="500" ind1=" " ind2=" ">
               <subfield code="a">Written by N.M. Ėmanuėlʹ in collaboration with his co-worker, G.E. Zaikov, and a historian of chemistry, V.A. Kritsman. Cf. Responsible editor's Foreword.</subfield>
            </datafield>
            <datafield tag="500" ind1=" " ind2=" ">
               <subfield code="a">Edited by N.S. Enikolopov.</subfield>
            </datafield>
            <datafield tag="504" ind1=" " ind2=" ">
               <subfield code="a">Includes bibliographical references and index.</subfield>
            </datafield>
            <datafield tag="546" ind1=" " ind2=" ">
               <subfield code="a">Translation of: T͡Sepnye reakt͡sii : istoricheskiĭ aspekt / N.M. Ėmanuėlʹ, G.E. Zaikov, V.A. Krit͡sman ; otvetstvennyĭ redaktor N.S. Enikolopov. Moskva : &quot;Nauka&quot;, 1989.</subfield>
            </datafield>
            <datafield tag="650" ind1=" " ind2="0">
               <subfield code="a">Chemical reactions</subfield>
               <subfield code="x">History.</subfield>
            </datafield>
            <datafield tag="700" ind1="1" ind2=" ">
               <subfield code="a">Krit︠s︡man, V. A.</subfield>
               <subfield code="q">(Viktor Abramovich)</subfield>
            </datafield>
            <datafield tag="700" ind1="1" ind2=" ">
               <subfield code="a">Zaikov, G. E.</subfield>
               <subfield code="q">(Gennadiĭ Efremovich),</subfield>
               <subfield code="d">1935-</subfield>
            </datafield>
            <datafield tag="700" ind1="1" ind2=" ">
               <subfield code="a">Enikolopi︠a︡n, Nikolaĭ Sergeevich.</subfield>
            </datafield>
            <datafield tag="999" ind1=" " ind2=" ">
               <subfield code="a">QD501.E5513 1995</subfield>
               <subfield code="w">LC</subfield>
               <subfield code="c">1</subfield>
               <subfield code="i">000025029505</subfield>
               <subfield code="d">1/18/1996</subfield>
               <subfield code="e">3/14/2000</subfield>
               <subfield code="l">STACKS-PM</subfield>
               <subfield code="m">UP-PAMS</subfield>
               <subfield code="n">2</subfield>
               <subfield code="r">Y</subfield>
               <subfield code="s">Y</subfield>
               <subfield code="t">BOOK</subfield>
               <subfield code="u">4/13/2001</subfield>
            </datafield>
      </record>
    </metadata>
  </record>