
   <record> 
    <header>
      <identifier>oai:cat.libraries.psu.edu:1455561</identifier> 
      <datestamp>2022-12-16</datestamp>
      <setSpec>BOOK</setSpec> 
    </header>
    <metadata>
      <record xmlns="http://www.loc.gov/MARC21/slim" xsi:schemaLocation="http://www.loc.gov/MARC21/slim http://www.loc.gov/standards/marcxml/schema/MARC21slim.xsd" type="Bibliographic">
         <leader>     nam  22     5a 4500</leader>
         <controlfield tag="008">960118s1995    xx       b   i000 0 fre d</controlfield>
            <datafield tag="020" ind1=" " ind2=" ">
               <subfield code="a">3452231364</subfield>
            </datafield>
            <datafield tag="035" ind1=" " ind2=" ">
               <subfield code="a">LIAS1893432</subfield>
            </datafield>
            <datafield tag="035" ind1=" " ind2=" ">
               <subfield code="a">(OCoLC)33100715</subfield>
            </datafield>
            <datafield tag="041" ind1="0" ind2=" ">
               <subfield code="a">freeeng</subfield>
            </datafield>
            <datafield tag="050" ind1="1" ind2="4">
               <subfield code="a">KJ0.A1</subfield>
               <subfield code="b">E84 ser.A, v.295</subfield>
            </datafield>
            <datafield tag="110" ind1="2" ind2=" ">
               <subfield code="a">European Court of Human Rights.</subfield>
            </datafield>
            <datafield tag="245" ind1="1" ind2="0">
               <subfield code="a">A. Affaire Otto-Preminger-Institut c. Autriche :</subfield>
               <subfield code="b">arrêt du 20 septembre 1994 = Case of Otto-Preminger-Institut v. Austria : judgment of 20 September 1994. B. Affaire Ortenberg c. Autriche : arrêt du 25 novembre 1994 = Case of Ortenberg v. Austria : judgment of 25 November 1994.</subfield>
            </datafield>
            <datafield tag="246" ind1="3" ind2="0">
               <subfield code="a">Affaire Otto-Preminger-Institut c. Autriche</subfield>
            </datafield>
            <datafield tag="246" ind1="3" ind2="0">
               <subfield code="a">Case of Otto-Preminger-Institut v. Austria</subfield>
            </datafield>
            <datafield tag="246" ind1="3" ind2="0">
               <subfield code="a">Affaire Ortenberg c. Autriche</subfield>
            </datafield>
            <datafield tag="246" ind1="3" ind2="0">
               <subfield code="a">Case of Ortenberg v. Austria</subfield>
            </datafield>
            <datafield tag="264" ind1=" " ind2="1">
               <subfield code="a">Strasbourg :</subfield>
               <subfield code="b">Greffe de la Cour, Conseil de l'Europe ;</subfield>
               <subfield code="a">Köln :</subfield>
               <subfield code="b">C. Heymanns,</subfield>
               <subfield code="c">1995.</subfield>
            </datafield>
            <datafield tag="300" ind1=" " ind2=" ">
               <subfield code="a">61, 61 pages ;</subfield>
               <subfield code="c">24 cm.</subfield>
            </datafield>
            <datafield tag="490" ind1="1" ind2=" ">
               <subfield code="a">Publications de la cour européenne des droits de l'homme. Série A, Arrêts et décisions ;</subfield>
               <subfield code="v">vol. 295 =</subfield>
               <subfield code="a">Publications of the European Court of Human Rights. Series A, Judgments and decisions ;</subfield>
               <subfield code="v">vol. 295</subfield>
            </datafield>
            <datafield tag="500" ind1=" " ind2=" ">
               <subfield code="a">French and English on opposite pages, numbered in duplicate.</subfield>
            </datafield>
            <datafield tag="504" ind1=" " ind2=" ">
               <subfield code="a">Includes bibliographical references.</subfield>
            </datafield>
            <datafield tag="546" ind1=" " ind2=" ">
               <subfield code="a">French and English on opposite pages.</subfield>
            </datafield>
            <datafield tag="600" ind1="1" ind2="0">
               <subfield code="a">Ortenberg, Margarete</subfield>
               <subfield code="v">Trials, litigation, etc.</subfield>
            </datafield>
            <datafield tag="610" ind1="2" ind2="0">
               <subfield code="a">Otto-Preminger-Institut für audiovisuelle Mediengestaltung</subfield>
               <subfield code="v">Trials, litigation, etc.</subfield>
            </datafield>
            <datafield tag="650" ind1=" " ind2="0">
               <subfield code="a">Freedom of speech</subfield>
               <subfield code="z">Austria.</subfield>
            </datafield>
            <datafield tag="650" ind1=" " ind2="0">
               <subfield code="a">Searches and seizures</subfield>
               <subfield code="z">Austria.</subfield>
            </datafield>
            <datafield tag="650" ind1=" " ind2="0">
               <subfield code="a">Blasphemy</subfield>
               <subfield code="z">Austria.</subfield>
            </datafield>
            <datafield tag="650" ind1=" " ind2="0">
               <subfield code="a">Fair trial</subfield>
               <subfield code="z">Austria.</subfield>
            </datafield>
            <datafield tag="700" ind1="1" ind2=" ">
               <subfield code="a">Ortenberg, Margarete.</subfield>
            </datafield>
            <datafield tag="710" ind1="2" ind2=" ">
               <subfield code="a">Otto-Preminger-Institut für audiovisuelle Mediengestaltung.</subfield>
            </datafield>
            <datafield tag="999" ind1=" " ind2=" ">
               <subfield code="a">KJC5132.A52E88 v.295</subfield>
               <subfield code="w">LC</subfield>
               <subfield code="c">1</subfield>
               <subfield code="i">000024546492</subfield>
               <subfield code="d">1/18/1996</subfield>
               <subfield code="e">3/4/1996</subfield>
               <subfield code="l">PATERNO-3</subfield>
               <subfield code="m">UP-PAT</subfield>
               <subfield code="n">1</subfield>
               <subfield code="r">Y</subfield>
               <subfield code="s">Y</subfield>
               <subfield code="t">BOOK</subfield>
               <subfield code="u">4/13/2001</subfield>
            </datafield>
      </record>
    </metadata>
  </record>