
   <record> 
    <header>
      <identifier>oai:cat.libraries.psu.edu:1455563</identifier> 
      <datestamp>2022-12-16</datestamp>
      <setSpec>BOOK</setSpec> 
    </header>
    <metadata>
      <record xmlns="http://www.loc.gov/MARC21/slim" xsi:schemaLocation="http://www.loc.gov/MARC21/slim http://www.loc.gov/standards/marcxml/schema/MARC21slim.xsd" type="Bibliographic">
         <leader>     nam  22     Ia 4500</leader>
         <controlfield tag="008">921007s1991    xxk           000 0 eng d</controlfield>
            <datafield tag="035" ind1=" " ind2=" ">
               <subfield code="a">LIAS1579739</subfield>
            </datafield>
            <datafield tag="035" ind1=" " ind2=" ">
               <subfield code="a">(OCoLC)24657755</subfield>
            </datafield>
            <datafield tag="100" ind1="1" ind2=" ">
               <subfield code="a">Ferguson, Brian.</subfield>
            </datafield>
            <datafield tag="245" ind1="1" ind2="0">
               <subfield code="a">Future role of the District Health Authority :</subfield>
               <subfield code="b">assessing needs for services and setting priorities /</subfield>
               <subfield code="c">by Brian Ferguson and Steve Ryder.</subfield>
            </datafield>
            <datafield tag="264" ind1=" " ind2="1">
               <subfield code="a">York, England :</subfield>
               <subfield code="b">Centre for Health Economics,</subfield>
               <subfield code="c">1991.</subfield>
            </datafield>
            <datafield tag="300" ind1=" " ind2=" ">
               <subfield code="a">58 pages :</subfield>
               <subfield code="b">illustrations ;</subfield>
               <subfield code="c">30 cm.</subfield>
            </datafield>
            <datafield tag="490" ind1="1" ind2=" ">
               <subfield code="a">Discussion paper ;</subfield>
               <subfield code="v">87</subfield>
            </datafield>
            <datafield tag="500" ind1=" " ind2=" ">
               <subfield code="a">On title : University of York, York Health Economics Consortium.</subfield>
            </datafield>
            <datafield tag="650" ind1=" " ind2="2">
               <subfield code="a">State Health Plans.</subfield>
            </datafield>
            <datafield tag="700" ind1="1" ind2=" ">
               <subfield code="a">Ryder, Steve.</subfield>
            </datafield>
            <datafield tag="710" ind1="2" ind2=" ">
               <subfield code="a">Health Economics Consortium.</subfield>
            </datafield>
            <datafield tag="710" ind1="2" ind2=" ">
               <subfield code="a">University of York.</subfield>
               <subfield code="b">Centre for Health Economics.</subfield>
            </datafield>
            <datafield tag="830" ind1=" " ind2="0">
               <subfield code="a">Discussion paper series (University of York. Centre for Health Economics) ;</subfield>
               <subfield code="v">87.</subfield>
            </datafield>
            <datafield tag="999" ind1=" " ind2=" ">
               <subfield code="a">RA410.A2C46 no.87</subfield>
               <subfield code="w">LC</subfield>
               <subfield code="c">1</subfield>
               <subfield code="i">000018396355</subfield>
               <subfield code="d">10/7/1992</subfield>
               <subfield code="e">10/8/1992</subfield>
               <subfield code="l">PATERNO-4</subfield>
               <subfield code="m">UP-PAT</subfield>
               <subfield code="r">Y</subfield>
               <subfield code="s">Y</subfield>
               <subfield code="t">BOOK</subfield>
               <subfield code="u">4/13/2001</subfield>
            </datafield>
      </record>
    </metadata>
  </record>