
   <record> 
    <header>
      <identifier>oai:cat.libraries.psu.edu:1455564</identifier> 
      <datestamp>2022-12-16</datestamp>
      <setSpec>BOOK</setSpec> 
    </header>
    <metadata>
      <record xmlns="http://www.loc.gov/MARC21/slim" xsi:schemaLocation="http://www.loc.gov/MARC21/slim http://www.loc.gov/standards/marcxml/schema/MARC21slim.xsd" type="Bibliographic">
         <leader>     nam  22      a 4500</leader>
         <controlfield tag="008">931213s1992    xxuab    b    000 0 eng d</controlfield>
            <datafield tag="035" ind1=" " ind2=" ">
               <subfield code="a">LIAS1736901</subfield>
            </datafield>
            <datafield tag="035" ind1=" " ind2=" ">
               <subfield code="a">(OCoLC)27452453</subfield>
            </datafield>
            <datafield tag="050" ind1="1" ind2="4">
               <subfield code="a">QE535.2.U6</subfield>
               <subfield code="b">L36 1992</subfield>
            </datafield>
            <datafield tag="245" ind1="0" ind2="0">
               <subfield code="a">Landers earthquake of June 28, 1992, San Bernardino County, California :</subfield>
               <subfield code="b">field trip guidebook : Southern California Section of the Association of Engineering Geologists, 1992 annual field trip /</subfield>
               <subfield code="c">field trip leader, Gary S. Rasmussen ; field trip committee, David B. Ebersold, Gary S. Rasmussen, Christopher J. Sexton ; guidebook compiled and edited by David B. Ebersold.</subfield>
            </datafield>
            <datafield tag="264" ind1=" " ind2="1">
               <subfield code="a">[California] :</subfield>
               <subfield code="b">Southern California Section of the Association of Engineering Geologists,</subfield>
               <subfield code="c">[1992]</subfield>
            </datafield>
            <datafield tag="300" ind1=" " ind2=" ">
               <subfield code="a">iv, 34 pages :</subfield>
               <subfield code="b">illustrations, maps ;</subfield>
               <subfield code="c">28 cm</subfield>
            </datafield>
            <datafield tag="500" ind1=" " ind2=" ">
               <subfield code="a">&quot;October 10, 1992&quot;--Cover.</subfield>
            </datafield>
            <datafield tag="650" ind1=" " ind2="0">
               <subfield code="a">Earthquakes</subfield>
               <subfield code="z">California</subfield>
               <subfield code="z">San Bernardino County</subfield>
               <subfield code="v">Guidebooks.</subfield>
            </datafield>
            <datafield tag="650" ind1=" " ind2="0">
               <subfield code="a">Faults (Geology)</subfield>
               <subfield code="z">California</subfield>
               <subfield code="z">San Bernardino County</subfield>
               <subfield code="v">Guidebooks.</subfield>
            </datafield>
            <datafield tag="700" ind1="1" ind2=" ">
               <subfield code="a">Rasmussen, Gary S.</subfield>
            </datafield>
            <datafield tag="700" ind1="1" ind2=" ">
               <subfield code="a">Ebersold, David B.</subfield>
            </datafield>
            <datafield tag="700" ind1="1" ind2=" ">
               <subfield code="a">Sexton, Christopher J.</subfield>
            </datafield>
            <datafield tag="710" ind1="2" ind2=" ">
               <subfield code="a">Association of Engineering Geologists.</subfield>
               <subfield code="b">Southern California Section.</subfield>
            </datafield>
            <datafield tag="999" ind1=" " ind2=" ">
               <subfield code="a">QE535.2.U6L36 1992</subfield>
               <subfield code="w">LC</subfield>
               <subfield code="c">1</subfield>
               <subfield code="i">000021675041</subfield>
               <subfield code="d">12/19/2003</subfield>
               <subfield code="e">11/4/2003</subfield>
               <subfield code="l">STACKS-EM</subfield>
               <subfield code="m">UP-EMS</subfield>
               <subfield code="n">3</subfield>
               <subfield code="r">Y</subfield>
               <subfield code="s">Y</subfield>
               <subfield code="t">BOOK</subfield>
               <subfield code="u">4/13/2001</subfield>
            </datafield>
      </record>
    </metadata>
  </record>