
   <record> 
    <header>
      <identifier>oai:cat.libraries.psu.edu:1455567</identifier> 
      <datestamp>2022-12-16</datestamp>
      <setSpec>JUVENILEBK</setSpec> 
    </header>
    <metadata>
      <record xmlns="http://www.loc.gov/MARC21/slim" xsi:schemaLocation="http://www.loc.gov/MARC21/slim http://www.loc.gov/standards/marcxml/schema/MARC21slim.xsd" type="Bibliographic">
         <leader>     nam  22     8a 4500</leader>
         <controlfield tag="008">971210t19641964xxua   j      000 0 eng d</controlfield>
            <datafield tag="010" ind1=" " ind2=" ">
               <subfield code="a">   63021332</subfield>
            </datafield>
            <datafield tag="035" ind1=" " ind2=" ">
               <subfield code="a">LIAS2053418</subfield>
            </datafield>
            <datafield tag="035" ind1=" " ind2=" ">
               <subfield code="a">(OCoLC)1132140</subfield>
            </datafield>
            <datafield tag="050" ind1="0" ind2="0">
               <subfield code="a">PZ10.A42</subfield>
               <subfield code="b">Wh</subfield>
            </datafield>
            <datafield tag="100" ind1="1" ind2=" ">
               <subfield code="a">Alexenberg, Melvin L.</subfield>
            </datafield>
            <datafield tag="245" ind1="1" ind2="0">
               <subfield code="a">What is a human.</subfield>
            </datafield>
            <datafield tag="264" ind1=" " ind2="1">
               <subfield code="a">Chicago :</subfield>
               <subfield code="b">Benefic Press,</subfield>
               <subfield code="c">[1964]</subfield>
            </datafield>
            <datafield tag="264" ind1=" " ind2="4">
               <subfield code="c">[©1964]</subfield>
            </datafield>
            <datafield tag="300" ind1=" " ind2=" ">
               <subfield code="a">46 pages :</subfield>
               <subfield code="b">color illustrations ;</subfield>
               <subfield code="c">21 cm.</subfield>
            </datafield>
            <datafield tag="490" ind1="1" ind2=" ">
               <subfield code="a">The What is it series</subfield>
            </datafield>
            <datafield tag="650" ind1=" " ind2="0">
               <subfield code="a">Human anatomy</subfield>
               <subfield code="v">Juvenile literature.</subfield>
            </datafield>
            <datafield tag="650" ind1=" " ind2="1">
               <subfield code="a">Physiology.</subfield>
            </datafield>
            <datafield tag="830" ind1=" " ind2="0">
               <subfield code="a">What is it series.</subfield>
            </datafield>
            <datafield tag="999" ind1=" " ind2=" ">
               <subfield code="a">QM27.A44 1964</subfield>
               <subfield code="w">LC</subfield>
               <subfield code="c">1</subfield>
               <subfield code="i">000022866615</subfield>
               <subfield code="d">8/30/2010</subfield>
               <subfield code="e">7/15/2010</subfield>
               <subfield code="l">CATO-2</subfield>
               <subfield code="m">UP-ANNEX</subfield>
               <subfield code="n">1</subfield>
               <subfield code="r">Y</subfield>
               <subfield code="s">Y</subfield>
               <subfield code="t">JUVENILEBK</subfield>
               <subfield code="u">4/13/2001</subfield>
               <subfield code="z">7808</subfield>
               <subfield code="o">.STAFF. Digitized Copy Instructions: Do not delete or replace the barcode in this item record. It links to the digitized copy of this volume. If WITHDRAWING the volume or REPLACING a barcode, update the item record to reflect an ONLINE resource. Add a new barcode by adding a second item record. See Access Services Training Bulletin no. 25 for full instructions.</subfield>
            </datafield>
      </record>
    </metadata>
  </record>