
   <record> 
    <header>
      <identifier>oai:cat.libraries.psu.edu:1455570</identifier> 
      <datestamp>2022-12-16</datestamp>
      <setSpec>MICROFORM</setSpec> 
    </header>
    <metadata>
      <record xmlns="http://www.loc.gov/MARC21/slim" xsi:schemaLocation="http://www.loc.gov/MARC21/slim http://www.loc.gov/standards/marcxml/schema/MARC21slim.xsd" type="Bibliographic">
         <leader>     nam  22     Ia 4500</leader>
         <controlfield tag="008">910809s1988    xxu          f000 0 eng d</controlfield>
            <datafield tag="010" ind1=" " ind2=" ">
               <subfield code="a">   88602540</subfield>
            </datafield>
            <datafield tag="035" ind1=" " ind2=" ">
               <subfield code="a">LIAS1579741</subfield>
            </datafield>
            <datafield tag="035" ind1=" " ind2=" ">
               <subfield code="a">(OCoLC)32679607</subfield>
            </datafield>
            <datafield tag="050" ind1="0" ind2="0">
               <subfield code="a">KF27</subfield>
               <subfield code="b">.V436 1988</subfield>
            </datafield>
            <datafield tag="110" ind1="1" ind2=" ">
               <subfield code="a">United States.</subfield>
               <subfield code="b">Congress.</subfield>
               <subfield code="b">House.</subfield>
               <subfield code="b">Committee on Veterans' Affairs.</subfield>
               <subfield code="b">Subcommittee on Education, Training, and Employment.</subfield>
            </datafield>
            <datafield tag="245" ind1="1" ind2="4">
               <subfield code="a">The Vocational Rehabilitation Program :</subfield>
               <subfield code="b">hearing before the Subcommittee on Education, Training, and Employment of the Committee on Veterans' Affairs, House of Representatives, One Hundredth Congress, first [sic] session, May 11, 1988.</subfield>
            </datafield>
            <datafield tag="264" ind1=" " ind2="1">
               <subfield code="a">Washington :</subfield>
               <subfield code="b">U.S. G.P.O.,</subfield>
               <subfield code="c">1988.</subfield>
            </datafield>
            <datafield tag="264" ind1=" " ind2="2">
               <subfield code="a">Washington :</subfield>
               <subfield code="b">For sale by the Supt. of Doc., Congressional Sales Office, U.S. G.P.O.</subfield>
            </datafield>
            <datafield tag="300" ind1=" " ind2=" ">
               <subfield code="a">iii, 81 pages ;</subfield>
               <subfield code="c">24 cm</subfield>
            </datafield>
            <datafield tag="500" ind1=" " ind2=" ">
               <subfield code="a">&quot;Serial no. 100-47.&quot;</subfield>
            </datafield>
            <datafield tag="650" ind1=" " ind2="0">
               <subfield code="a">Disabled veterans</subfield>
               <subfield code="x">Vocational rehabilitation</subfield>
               <subfield code="z">United States.</subfield>
            </datafield>
            <datafield tag="650" ind1=" " ind2="0">
               <subfield code="a">Disabled veterans</subfield>
               <subfield code="x">Employment</subfield>
               <subfield code="z">United States.</subfield>
            </datafield>
            <datafield tag="533" ind1=" " ind2=" ">
               <subfield code="a">Microform.</subfield>
               <subfield code="b">Washington, D.C.,</subfield>
               <subfield code="c">U.S. G.P.O.,</subfield>
               <subfield code="d">1991.</subfield>
               <subfield code="e">1 microfiche : negative.</subfield>
            </datafield>
            <datafield tag="999" ind1=" " ind2=" ">
               <subfield code="a">Y 4.V 64/3:100-47</subfield>
               <subfield code="w">SUDOC</subfield>
               <subfield code="c">1</subfield>
               <subfield code="i">1455570-1001</subfield>
               <subfield code="d">8/9/1991</subfield>
               <subfield code="l">DOC-US</subfield>
               <subfield code="m">UP-PAT</subfield>
               <subfield code="r">Y</subfield>
               <subfield code="s">Y</subfield>
               <subfield code="t">MICROFORM</subfield>
               <subfield code="u">4/13/2001</subfield>
            </datafield>
      </record>
    </metadata>
  </record>