
   <record> 
    <header>
      <identifier>oai:cat.libraries.psu.edu:1455577</identifier> 
      <datestamp>2022-12-16</datestamp>
      <setSpec>BOOK</setSpec> 
    </header>
    <metadata>
      <record xmlns="http://www.loc.gov/MARC21/slim" xsi:schemaLocation="http://www.loc.gov/MARC21/slim http://www.loc.gov/standards/marcxml/schema/MARC21slim.xsd" type="Bibliographic">
         <leader>     nam  22     1a 4500</leader>
         <controlfield tag="008">960417t19941994xxka          000 0 eng d</controlfield>
            <datafield tag="010" ind1=" " ind2=" ">
               <subfield code="a">   94078393</subfield>
            </datafield>
            <datafield tag="020" ind1=" " ind2=" ">
               <subfield code="a">1874416222 (pbk.) :</subfield>
               <subfield code="c">£37.49 ($39.95 U.S.)</subfield>
            </datafield>
            <datafield tag="035" ind1=" " ind2=" ">
               <subfield code="a">LIAS1893436</subfield>
            </datafield>
            <datafield tag="035" ind1=" " ind2=" ">
               <subfield code="a">(OCoLC)316819475</subfield>
            </datafield>
            <datafield tag="050" ind1="0" ind2="0">
               <subfield code="a">QA76.73.C153</subfield>
               <subfield code="b">E987 1994</subfield>
            </datafield>
            <datafield tag="100" ind1="1" ind2=" ">
               <subfield code="a">Ezzell, Ben.</subfield>
            </datafield>
            <datafield tag="245" ind1="1" ind2="4">
               <subfield code="a">The revolutionary guide to Visual C++ /</subfield>
               <subfield code="c">Ben Ezzell.</subfield>
            </datafield>
            <datafield tag="246" ind1="3" ind2=" ">
               <subfield code="a">Revolutionary guide to Visual C plus plus</subfield>
            </datafield>
            <datafield tag="246" ind1="3" ind2=" ">
               <subfield code="a">Visual C plus plus</subfield>
            </datafield>
            <datafield tag="246" ind1="1" ind2="4">
               <subfield code="a">Visual C++</subfield>
            </datafield>
            <datafield tag="264" ind1=" " ind2="1">
               <subfield code="a">Birmingham, UK :</subfield>
               <subfield code="b">Wrox Press,</subfield>
               <subfield code="c">[1994]</subfield>
            </datafield>
            <datafield tag="264" ind1=" " ind2="4">
               <subfield code="c">©1994</subfield>
            </datafield>
            <datafield tag="300" ind1=" " ind2=" ">
               <subfield code="a">xx, 538 pages :</subfield>
               <subfield code="b">illustrations ;</subfield>
               <subfield code="c">24 cm +</subfield>
               <subfield code="e">1 computer disc (3 1/2 in.).</subfield>
            </datafield>
            <datafield tag="500" ind1=" " ind2=" ">
               <subfield code="a">Includes index.</subfield>
            </datafield>
            <datafield tag="538" ind1=" " ind2=" ">
               <subfield code="a">System requirements for accompanying computer disk: IBM-compatible PC; 486 or faster microprocessor; C compiler; DOS; Microsoft Windows 3.1 or later; hard drive; high-density disk drive.</subfield>
            </datafield>
            <datafield tag="630" ind1="0" ind2="0">
               <subfield code="a">Microsoft Visual C++.</subfield>
            </datafield>
            <datafield tag="650" ind1=" " ind2="0">
               <subfield code="a">C++ (Computer program language)</subfield>
            </datafield>
            <datafield tag="999" ind1=" " ind2=" ">
               <subfield code="a">QA76.73.C153E987 1994</subfield>
               <subfield code="w">LC</subfield>
               <subfield code="c">1</subfield>
               <subfield code="i">000025422481</subfield>
               <subfield code="d">12/1/2006</subfield>
               <subfield code="e">9/26/2005</subfield>
               <subfield code="l">CATO-2</subfield>
               <subfield code="m">UP-ANNEX</subfield>
               <subfield code="n">50</subfield>
               <subfield code="q">1</subfield>
               <subfield code="r">Y</subfield>
               <subfield code="s">Y</subfield>
               <subfield code="t">BOOK</subfield>
               <subfield code="u">4/13/2001</subfield>
               <subfield code="z">6202</subfield>
            </datafield>
      </record>
    </metadata>
  </record>