
   <record> 
    <header>
      <identifier>oai:cat.libraries.psu.edu:1455578</identifier> 
      <datestamp>2022-12-16</datestamp>
      <setSpec>BOOK</setSpec> 
    </header>
    <metadata>
      <record xmlns="http://www.loc.gov/MARC21/slim" xsi:schemaLocation="http://www.loc.gov/MARC21/slim http://www.loc.gov/standards/marcxml/schema/MARC21slim.xsd" type="Bibliographic">
         <leader>     ngm  22     1a 4500</leader>
         <controlfield tag="008">971210s1997    xx            000 0 eng d</controlfield>
            <datafield tag="010" ind1=" " ind2=" ">
               <subfield code="a">   97068177</subfield>
            </datafield>
            <datafield tag="020" ind1=" " ind2=" ">
               <subfield code="a">1557525080 (Conference ed.)</subfield>
            </datafield>
            <datafield tag="035" ind1=" " ind2=" ">
               <subfield code="a">LIAS2053421</subfield>
            </datafield>
            <datafield tag="035" ind1=" " ind2=" ">
               <subfield code="a">(OCoLC)39090001</subfield>
            </datafield>
            <datafield tag="111" ind1="2" ind2=" ">
               <subfield code="a">Solid state lasers materials and applications Sino-American Topical Meeting and Tabletop Exhibit</subfield>
               <subfield code="d">(1997 :</subfield>
               <subfield code="c">Nankai University)</subfield>
            </datafield>
            <datafield tag="245" ind1="1" ind2="0">
               <subfield code="a">Solid state lasers, materials and applications :</subfield>
               <subfield code="b">Sino-American Topical Meeting and Tabletop Exhibit, July 8-11, 1997,Nankai University, Tianjin, People's Republic of China /</subfield>
               <subfield code="c">managed and sponsored by Optical Society of America, Chinese Optical Society ; in cooperation with IEEE/LEOS [and others].</subfield>
            </datafield>
            <datafield tag="250" ind1=" " ind2=" ">
               <subfield code="a">Conference ed.</subfield>
            </datafield>
            <datafield tag="264" ind1=" " ind2="1">
               <subfield code="a">Washington, DC :</subfield>
               <subfield code="b">Optical Society of America,</subfield>
               <subfield code="c">1997.</subfield>
            </datafield>
            <datafield tag="300" ind1=" " ind2=" ">
               <subfield code="a">xi, 168 pages :</subfield>
               <subfield code="b">illustrations ;</subfield>
               <subfield code="c">28 cm.</subfield>
            </datafield>
            <datafield tag="490" ind1="1" ind2=" ">
               <subfield code="a">Technical digest / Optical Society of America</subfield>
            </datafield>
            <datafield tag="504" ind1=" " ind2=" ">
               <subfield code="a">Includes bibliographical references and index.</subfield>
            </datafield>
            <datafield tag="650" ind1=" " ind2="0">
               <subfield code="a">Solid-state lasers</subfield>
               <subfield code="v">Congresses.</subfield>
            </datafield>
            <datafield tag="710" ind1="2" ind2=" ">
               <subfield code="a">Optical Society of America.</subfield>
            </datafield>
            <datafield tag="710" ind1="2" ind2=" ">
               <subfield code="a">Lasers and Electro-optics Society (Institute of Electrical and Electronics Engineers)</subfield>
            </datafield>
            <datafield tag="710" ind1="2" ind2=" ">
               <subfield code="a">Zhongguo guang xue xue hui.</subfield>
            </datafield>
            <datafield tag="830" ind1=" " ind2="0">
               <subfield code="a">Technical digest series (Optical Society of America) (Conference ed.) ;</subfield>
               <subfield code="v">1997.</subfield>
            </datafield>
            <datafield tag="999" ind1=" " ind2=" ">
               <subfield code="a">TA1705.S65 1997</subfield>
               <subfield code="w">LC</subfield>
               <subfield code="c">1</subfield>
               <subfield code="i">000032575262</subfield>
               <subfield code="d">4/23/1998</subfield>
               <subfield code="e">5/19/1998</subfield>
               <subfield code="l">CATO-2</subfield>
               <subfield code="m">UP-ANNEX</subfield>
               <subfield code="n">1</subfield>
               <subfield code="r">Y</subfield>
               <subfield code="s">Y</subfield>
               <subfield code="t">BOOK</subfield>
               <subfield code="u">4/13/2001</subfield>
               <subfield code="z">6476</subfield>
            </datafield>
      </record>
    </metadata>
  </record>