
   <record> 
    <header>
      <identifier>oai:cat.libraries.psu.edu:1455579</identifier> 
      <datestamp>2022-12-16</datestamp>
      <setSpec>VIDEO</setSpec> 
    </header>
    <metadata>
      <record xmlns="http://www.loc.gov/MARC21/slim" xsi:schemaLocation="http://www.loc.gov/MARC21/slim http://www.loc.gov/standards/marcxml/schema/MARC21slim.xsd" type="Bibliographic">
         <leader>     nam  22     1a 4500</leader>
         <controlfield tag="008">910809s1988    xx ---            vufre d</controlfield>
            <datafield tag="035" ind1=" " ind2=" ">
               <subfield code="a">LIAS1579743</subfield>
            </datafield>
            <datafield tag="035" ind1=" " ind2=" ">
               <subfield code="a">(OCoLC)22941595</subfield>
            </datafield>
            <datafield tag="245" ind1="0" ind2="2">
               <subfield code="a">L'Ecole des femmes</subfield>
               <subfield code="h">[videorecording] /</subfield>
               <subfield code="c">de Molière ; mise en scène, Bernard Sobel ; production, TF1.</subfield>
            </datafield>
            <datafield tag="264" ind1=" " ind2="1">
               <subfield code="a">Princeton, N.J. :</subfield>
               <subfield code="b">Films for the Humanities,</subfield>
               <subfield code="c">[1988]</subfield>
            </datafield>
            <datafield tag="264" ind1=" " ind2="4">
               <subfield code="c">©1988</subfield>
            </datafield>
            <datafield tag="300" ind1=" " ind2=" ">
               <subfield code="a">2 videocassettes (120 min.) :</subfield>
               <subfield code="b">sound, color ;</subfield>
               <subfield code="c">1/2 in.</subfield>
            </datafield>
            <datafield tag="500" ind1=" " ind2=" ">
               <subfield code="a">Performed at Du Centre dramatique national de Gennevilliers; filmed in 1985.</subfield>
            </datafield>
            <datafield tag="500" ind1=" " ind2=" ">
               <subfield code="a">Date on container: c1989.</subfield>
            </datafield>
            <datafield tag="500" ind1=" " ind2=" ">
               <subfield code="a">French dialogue.</subfield>
            </datafield>
            <datafield tag="500" ind1=" " ind2=" ">
               <subfield code="a">VHS format.</subfield>
            </datafield>
            <datafield tag="508" ind1=" " ind2=" ">
               <subfield code="a">Editing, Christian Aufauvre, Thierry Bedard, Alain Jungman ; production, Jacques Cazanave-Pin ; photography, Jean-Marie Bergis ; directing, Bernard Sobel.</subfield>
            </datafield>
            <datafield tag="511" ind1="1" ind2=" ">
               <subfield code="a">Philippe Clevenot, Anouk Grimberg, Charles Berling, Alain Frerot, Mireille Franchino.</subfield>
            </datafield>
            <datafield tag="520" ind1=" " ind2=" ">
               <subfield code="a">Moliere's story about young lovers, a manipulative older man, innocent trust misplaced, and the discovery of a wealthy father -- all presented with extraordinary psychological insight and biting wit.</subfield>
            </datafield>
            <datafield tag="650" ind1=" " ind2="0">
               <subfield code="a">Feature films.</subfield>
            </datafield>
            <datafield tag="650" ind1=" " ind2="0">
               <subfield code="a">French drama (Comedy)</subfield>
            </datafield>
            <datafield tag="700" ind1="1" ind2=" ">
               <subfield code="a">Clévenot, Philippe.</subfield>
            </datafield>
            <datafield tag="700" ind1="1" ind2=" ">
               <subfield code="a">Grimberg, Anouk.</subfield>
            </datafield>
            <datafield tag="700" ind1="1" ind2=" ">
               <subfield code="a">Berling, Charles.</subfield>
            </datafield>
            <datafield tag="700" ind1="1" ind2=" ">
               <subfield code="a">Sobel, Bernard.</subfield>
            </datafield>
            <datafield tag="700" ind1="1" ind2=" ">
               <subfield code="a">Molière,</subfield>
               <subfield code="d">1622-1673.</subfield>
            </datafield>
            <datafield tag="710" ind1="2" ind2=" ">
               <subfield code="a">Société nationale télévision française 1.</subfield>
            </datafield>
            <datafield tag="710" ind1="2" ind2=" ">
               <subfield code="a">Centre dramatique national de Gennevilliers.</subfield>
            </datafield>
            <datafield tag="710" ind1="2" ind2=" ">
               <subfield code="a">Films for the Humanities (Firm)</subfield>
            </datafield>
            <datafield tag="999" ind1=" " ind2=" ">
               <subfield code="a">90516 VHS</subfield>
               <subfield code="w">ASIS</subfield>
               <subfield code="c">1</subfield>
               <subfield code="i">000059720751</subfield>
               <subfield code="d">8/9/1991</subfield>
               <subfield code="j">2</subfield>
               <subfield code="l">FILM-CTR</subfield>
               <subfield code="m">UP-ANNEX</subfield>
               <subfield code="r">Y</subfield>
               <subfield code="s">Y</subfield>
               <subfield code="t">VIDEO</subfield>
               <subfield code="u">4/13/2001</subfield>
            </datafield>
      </record>
    </metadata>
  </record>