
   <record> 
    <header>
      <identifier>oai:cat.libraries.psu.edu:1455584</identifier> 
      <datestamp>2022-12-16</datestamp>
      <setSpec>BOOK</setSpec> 
    </header>
    <metadata>
      <record xmlns="http://www.loc.gov/MARC21/slim" xsi:schemaLocation="http://www.loc.gov/MARC21/slim http://www.loc.gov/standards/marcxml/schema/MARC21slim.xsd" type="Bibliographic">
         <leader>     nam  22     1  4500</leader>
         <controlfield tag="008">931213s1993    xxu           000 0 eng d</controlfield>
            <datafield tag="010" ind1=" " ind2=" ">
               <subfield code="a">   85645339</subfield>
            </datafield>
            <datafield tag="020" ind1=" " ind2=" ">
               <subfield code="a">155542693X</subfield>
            </datafield>
            <datafield tag="035" ind1=" " ind2=" ">
               <subfield code="a">LIAS1736906</subfield>
            </datafield>
            <datafield tag="035" ind1=" " ind2=" ">
               <subfield code="a">(OCoLC)28233578</subfield>
            </datafield>
            <datafield tag="050" ind1="1" ind2="4">
               <subfield code="a">LB2341</subfield>
               <subfield code="b">.P96 1993</subfield>
            </datafield>
            <datafield tag="245" ind1="0" ind2="0">
               <subfield code="a">Pursuit of quality in higher education :</subfield>
               <subfield code="b">case studies in total quality management /</subfield>
               <subfield code="c">Deborah J. Teeter, G. Gregory Lozier, editors.</subfield>
            </datafield>
            <datafield tag="264" ind1=" " ind2="1">
               <subfield code="a">San Francisco :</subfield>
               <subfield code="b">Jossey-Bass,</subfield>
               <subfield code="c">1993.</subfield>
            </datafield>
            <datafield tag="300" ind1=" " ind2=" ">
               <subfield code="a">143 pages :</subfield>
               <subfield code="b">illustrations ;</subfield>
               <subfield code="c">23 cm.</subfield>
            </datafield>
            <datafield tag="490" ind1="1" ind2=" ">
               <subfield code="a">New directions for institutional research ;</subfield>
               <subfield code="v">no. 78, Summer 1993</subfield>
            </datafield>
            <datafield tag="504" ind1=" " ind2=" ">
               <subfield code="a">Includes bibliographical references and index.</subfield>
            </datafield>
            <datafield tag="505" ind1="0" ind2=" ">
               <subfield code="a">Six foundations of total quality management / G. Gregory Lozier, Deborah H. Teeter -- Classism and quality / Robert L. Carothers, Mary Lou Sevigny -- Samford University's quality story / John W. Harris -- Building on external quality assessment to achieve continuous improvement / Hans A. Acherman, Liesbeth A.A.M. van Welie, Carla T. M. Laan -- Total quality management in the classroom : a personal odyssey / J. Keith Ord -- Improvements in introductory physics courses / P.E. Sokol -- Bringing a nursing program back to life / Marian K. Baur -- Revitalization of library service / Jean Thomason -- Realizing financial savings through total quality management / Karen Archambault Miselis -- Teamwork improves office climate / Susan K. Winck -- Total quality management is total at Fox Valley Technical College / Carol R. Tyler --</subfield>
            </datafield>
            <datafield tag="505" ind1="0" ind2=" ">
               <subfield code="a">(cont.) Hoshin planning applies total quality management to the planning process / Mary Ann Heverly, Jerome S. Parker -- The role of the facilitator on total quality management teams / William L. Eakin -- Using focus groups to clarify customer needs / May m. Sapp, M. Lewis Temares -- Using total quality management tools to improve organizational wellness / Sharon Koberna, Pam Walter -- Simplifying a process with flowcharts / JoAnn M. Williams -- Documenting total quality management projects / Pam Walter -- On your mark, get set, go! / Robert S. Winter -- The role of the quality manager / Nancy Lee Howard -- When is a problem not a problem? / Pam Walter -- Total quality management in word and deed / Robert A. Yanckello, Thomas B. Flaherty -- A quality initiative postponed / Jeffrey D. Liebman -- Confluence between standard operating paradigms and total quality management / Valerie J. Broughton -- The challenge : overcoming the pitfalls / G. Gregory Lozier, Deborah H. Teeter.</subfield>
            </datafield>
            <datafield tag="650" ind1=" " ind2="0">
               <subfield code="a">Universities and colleges</subfield>
               <subfield code="z">United States</subfield>
               <subfield code="x">Administration</subfield>
               <subfield code="v">Case studies.</subfield>
            </datafield>
            <datafield tag="650" ind1=" " ind2="0">
               <subfield code="a">Total quality management</subfield>
               <subfield code="z">United States</subfield>
               <subfield code="v">Case studies.</subfield>
            </datafield>
            <datafield tag="700" ind1="1" ind2=" ">
               <subfield code="a">Teeter, Deborah J.</subfield>
            </datafield>
            <datafield tag="700" ind1="1" ind2=" ">
               <subfield code="a">Lozier, G. Gregory.</subfield>
            </datafield>
            <datafield tag="830" ind1=" " ind2="0">
               <subfield code="a">New directions for institutional research ;</subfield>
               <subfield code="v">no. 78.</subfield>
            </datafield>
            <datafield tag="999" ind1=" " ind2=" ">
               <subfield code="a">LB2341.P96 1993</subfield>
               <subfield code="w">LC</subfield>
               <subfield code="c">1</subfield>
               <subfield code="i">000021639029</subfield>
               <subfield code="d">7/19/2012</subfield>
               <subfield code="e">4/26/2009</subfield>
               <subfield code="l">PATERNO-3</subfield>
               <subfield code="m">UP-PAT</subfield>
               <subfield code="n">19</subfield>
               <subfield code="r">Y</subfield>
               <subfield code="s">Y</subfield>
               <subfield code="t">BOOK</subfield>
               <subfield code="u">4/13/2001</subfield>
            </datafield>
            <datafield tag="999" ind1=" " ind2=" ">
               <subfield code="a">LB2341.P96 1993</subfield>
               <subfield code="w">LC</subfield>
               <subfield code="c">1</subfield>
               <subfield code="i">000022196460</subfield>
               <subfield code="d">7/20/1994</subfield>
               <subfield code="e">2/21/1994</subfield>
               <subfield code="l">PSUARCHIVE</subfield>
               <subfield code="m">UP-SPECCOL</subfield>
               <subfield code="r">Y</subfield>
               <subfield code="s">Y</subfield>
               <subfield code="t">BOOK</subfield>
               <subfield code="u">4/13/2001</subfield>
            </datafield>
      </record>
    </metadata>
  </record>