
   <record> 
    <header>
      <identifier>oai:cat.libraries.psu.edu:1455585</identifier> 
      <datestamp>2022-12-16</datestamp>
      <setSpec>BOOK</setSpec> 
    </header>
    <metadata>
      <record xmlns="http://www.loc.gov/MARC21/slim" xsi:schemaLocation="http://www.loc.gov/MARC21/slim http://www.loc.gov/standards/marcxml/schema/MARC21slim.xsd" type="Bibliographic">
         <leader>     nam  22      a 4500</leader>
         <controlfield tag="008">960206s1900    xx af         000 0 fre d</controlfield>
            <datafield tag="010" ind1=" " ind2=" ">
               <subfield code="a">f  01002517</subfield>
            </datafield>
            <datafield tag="035" ind1=" " ind2=" ">
               <subfield code="a">LIAS1893438</subfield>
            </datafield>
            <datafield tag="035" ind1=" " ind2=" ">
               <subfield code="a">(OCoLC)23418612</subfield>
            </datafield>
            <datafield tag="050" ind1=" " ind2="4">
               <subfield code="a">N4804</subfield>
               <subfield code="b">.B46</subfield>
            </datafield>
            <datafield tag="100" ind1="1" ind2=" ">
               <subfield code="a">Bénédoite, Léonce,</subfield>
               <subfield code="d">1859-1925.</subfield>
            </datafield>
            <datafield tag="245" ind1="1" ind2="0">
               <subfield code="a">Exposition universelle de 1900: :</subfield>
               <subfield code="b">les beaux-arts et les arts décoratifs /</subfield>
               <subfield code="c">par L. Bénédite, J. Cornély, Clément-Janin, Gustave Geffroy, J.J. Guiffrey, Eugène Guillaume, G. Lafenestre, Lucien Magne, P. Frantz Marcou, Camille Mauclair, Roger Marx, André Michel, Auguste Molinier, Émile Molinier, Salomon Reinach.</subfield>
            </datafield>
            <datafield tag="264" ind1=" " ind2="1">
               <subfield code="a">Paris :</subfield>
               <subfield code="b">Gazette des beaux arts,</subfield>
               <subfield code="c">[1900]</subfield>
            </datafield>
            <datafield tag="300" ind1=" " ind2=" ">
               <subfield code="a">526 pages :</subfield>
               <subfield code="b">illustrations, 30 plates ;</subfield>
               <subfield code="c">32 cm</subfield>
            </datafield>
            <datafield tag="650" ind1=" " ind2="0">
               <subfield code="a">Art, French.</subfield>
            </datafield>
            <datafield tag="650" ind1=" " ind2="0">
               <subfield code="a">Art</subfield>
               <subfield code="v">Exhibitions.</subfield>
            </datafield>
            <datafield tag="700" ind1="1" ind2=" ">
               <subfield code="a">Cornély, J.</subfield>
            </datafield>
            <datafield tag="700" ind1="0" ind2=" ">
               <subfield code="a">Clément-Janin.</subfield>
            </datafield>
            <datafield tag="700" ind1="1" ind2=" ">
               <subfield code="a">Geffroy, Gustave,</subfield>
               <subfield code="d">1855-1926.</subfield>
            </datafield>
            <datafield tag="700" ind1="1" ind2=" ">
               <subfield code="a">Guiffrey, Jules,</subfield>
               <subfield code="d">1840-1918.</subfield>
            </datafield>
            <datafield tag="700" ind1="1" ind2=" ">
               <subfield code="a">Guillaume, Eugène,</subfield>
               <subfield code="d">1822-1905.</subfield>
            </datafield>
            <datafield tag="700" ind1="1" ind2=" ">
               <subfield code="a">Lafenestre, Georges,</subfield>
               <subfield code="d">1837-1919.</subfield>
            </datafield>
            <datafield tag="700" ind1="1" ind2=" ">
               <subfield code="a">Magne, Lucien,</subfield>
               <subfield code="d">1849-1916.</subfield>
            </datafield>
            <datafield tag="700" ind1="1" ind2=" ">
               <subfield code="a">Marcou, Paul Frantz Julien,</subfield>
               <subfield code="d">1860-</subfield>
            </datafield>
            <datafield tag="700" ind1="1" ind2=" ">
               <subfield code="a">Mauclair, Camille,</subfield>
               <subfield code="d">1872-1945.</subfield>
            </datafield>
            <datafield tag="700" ind1="1" ind2=" ">
               <subfield code="a">Marx, Roger,</subfield>
               <subfield code="d">1859-1913.</subfield>
            </datafield>
            <datafield tag="700" ind1="1" ind2=" ">
               <subfield code="a">Michel, André,</subfield>
               <subfield code="d">1853-1925.</subfield>
            </datafield>
            <datafield tag="700" ind1="1" ind2=" ">
               <subfield code="a">Molinier, Auguste,</subfield>
               <subfield code="d">1851-1904.</subfield>
            </datafield>
            <datafield tag="700" ind1="1" ind2=" ">
               <subfield code="a">Molinier, Emile,</subfield>
               <subfield code="d">1857-1906.</subfield>
            </datafield>
            <datafield tag="700" ind1="1" ind2=" ">
               <subfield code="a">Reinach, Salomon,</subfield>
               <subfield code="d">1858-1932.</subfield>
            </datafield>
            <datafield tag="711" ind1="2" ind2=" ">
               <subfield code="a">Exposition universelle</subfield>
               <subfield code="d">(1900 :</subfield>
               <subfield code="c">Paris, France)</subfield>
            </datafield>
            <datafield tag="999" ind1=" " ind2=" ">
               <subfield code="a">N4804.B46 1900 Q</subfield>
               <subfield code="w">LC</subfield>
               <subfield code="c">1</subfield>
               <subfield code="i">000025091137</subfield>
               <subfield code="d">2/6/1996</subfield>
               <subfield code="e">2/12/1996</subfield>
               <subfield code="l">RARE-BOOK</subfield>
               <subfield code="m">UP-SPECCOL</subfield>
               <subfield code="r">Y</subfield>
               <subfield code="s">Y</subfield>
               <subfield code="t">BOOK</subfield>
               <subfield code="u">4/13/2001</subfield>
            </datafield>
      </record>
    </metadata>
  </record>