
   <record> 
    <header>
      <identifier>oai:cat.libraries.psu.edu:1455589</identifier> 
      <datestamp>2022-12-16</datestamp>
      <setSpec>BOOK</setSpec> 
    </header>
    <metadata>
      <record xmlns="http://www.loc.gov/MARC21/slim" xsi:schemaLocation="http://www.loc.gov/MARC21/slim http://www.loc.gov/standards/marcxml/schema/MARC21slim.xsd" type="Bibliographic">
         <leader>     nam  22     1  4500</leader>
         <controlfield tag="008">931213s1928    xxu           000 0 eng d</controlfield>
            <datafield tag="010" ind1=" " ind2=" ">
               <subfield code="a">   28012445</subfield>
            </datafield>
            <datafield tag="035" ind1=" " ind2=" ">
               <subfield code="a">LIAS1736907</subfield>
            </datafield>
            <datafield tag="035" ind1=" " ind2=" ">
               <subfield code="a">(OCoLC)6512001</subfield>
            </datafield>
            <datafield tag="050" ind1="0" ind2="0">
               <subfield code="a">PL2997.T22</subfield>
               <subfield code="b">P6 1928</subfield>
            </datafield>
            <datafield tag="130" ind1="0" ind2=" ">
               <subfield code="a">Da xue.</subfield>
            </datafield>
            <datafield tag="245" ind1="1" ind2="0">
               <subfield code="a">Ta hio :</subfield>
               <subfield code="b">the great learning /</subfield>
               <subfield code="c">newly rendered into the American language, by Ezra Pound.</subfield>
            </datafield>
            <datafield tag="264" ind1=" " ind2="1">
               <subfield code="a">Seattle :</subfield>
               <subfield code="b">University of Washington book store,</subfield>
               <subfield code="c">1928.</subfield>
            </datafield>
            <datafield tag="300" ind1=" " ind2=" ">
               <subfield code="a">35 pages ;</subfield>
               <subfield code="c">19 cm.</subfield>
            </datafield>
            <datafield tag="490" ind1="1" ind2=" ">
               <subfield code="a">University of Washington chapbooks, no. 14</subfield>
            </datafield>
            <datafield tag="500" ind1=" " ind2=" ">
               <subfield code="a">&quot;The Confucian classics are cutomarily divided into the Five ching and the Four shu. The first of the Four shu (or books) is the Ta hio, a work of which the first chapter is ascribed to Confucius, and the remainder to one of his disciples, Thseng-tseu (Tsang Tzu)&quot; -- Note.</subfield>
            </datafield>
            <datafield tag="700" ind1="0" ind2=" ">
               <subfield code="a">Confucius.</subfield>
            </datafield>
            <datafield tag="700" ind1="0" ind2=" ">
               <subfield code="a">Zengzi,</subfield>
               <subfield code="d">505-437 or 436 B.C.</subfield>
            </datafield>
            <datafield tag="700" ind1="1" ind2=" ">
               <subfield code="a">Pound, Ezra,</subfield>
               <subfield code="d">1885-1972,</subfield>
               <subfield code="e">translator.</subfield>
            </datafield>
            <datafield tag="999" ind1=" " ind2=" ">
               <subfield code="a">PL2997.T22P6 1928</subfield>
               <subfield code="w">LC</subfield>
               <subfield code="c">1</subfield>
               <subfield code="i">000021912061</subfield>
               <subfield code="d">12/13/1993</subfield>
               <subfield code="e">1/12/1994</subfield>
               <subfield code="l">RARE-BOOK</subfield>
               <subfield code="m">UP-SPECCOL</subfield>
               <subfield code="r">Y</subfield>
               <subfield code="s">Y</subfield>
               <subfield code="t">BOOK</subfield>
               <subfield code="u">4/13/2001</subfield>
            </datafield>
      </record>
    </metadata>
  </record>