
   <record> 
    <header>
      <identifier>oai:cat.libraries.psu.edu:1455596</identifier> 
      <datestamp>2022-12-16</datestamp>
      <setSpec>BOOK</setSpec> 
    </header>
    <metadata>
      <record xmlns="http://www.loc.gov/MARC21/slim" xsi:schemaLocation="http://www.loc.gov/MARC21/slim http://www.loc.gov/standards/marcxml/schema/MARC21slim.xsd" type="Bibliographic">
         <leader>     nam  22      a 4500</leader>
         <controlfield tag="008">931213t19931993xx            000 0 fre d</controlfield>
            <datafield tag="020" ind1=" " ind2=" ">
               <subfield code="a">2246476518</subfield>
            </datafield>
            <datafield tag="035" ind1=" " ind2=" ">
               <subfield code="a">LIAS1736909</subfield>
            </datafield>
            <datafield tag="035" ind1=" " ind2=" ">
               <subfield code="a">(CStRLIN)NYCXALJ2428-B</subfield>
            </datafield>
            <datafield tag="035" ind1=" " ind2=" ">
               <subfield code="a">(OCoLC)28382234</subfield>
            </datafield>
            <datafield tag="100" ind1="1" ind2=" ">
               <subfield code="a">Mauriac, Claude,</subfield>
               <subfield code="d">1914-1996.</subfield>
            </datafield>
            <datafield tag="245" ind1="1" ind2="3">
               <subfield code="a">Le pont du secret /</subfield>
               <subfield code="c">Claude Mauriac.</subfield>
            </datafield>
            <datafield tag="264" ind1=" " ind2="1">
               <subfield code="a">Paris :</subfield>
               <subfield code="b">B. Grasset,</subfield>
               <subfield code="c">[1993]</subfield>
            </datafield>
            <datafield tag="264" ind1=" " ind2="4">
               <subfield code="c">©1993</subfield>
            </datafield>
            <datafield tag="300" ind1=" " ind2=" ">
               <subfield code="a">266 pages ;</subfield>
               <subfield code="c">23 cm.</subfield>
            </datafield>
            <datafield tag="490" ind1="1" ind2=" ">
               <subfield code="a">Le temps accompli ; 3</subfield>
            </datafield>
            <datafield tag="600" ind1="1" ind2="0">
               <subfield code="a">Mauriac, Claude,</subfield>
               <subfield code="d">1914-1996</subfield>
               <subfield code="v">Diaries.</subfield>
            </datafield>
            <datafield tag="650" ind1=" " ind2="0">
               <subfield code="a">Authors, French</subfield>
               <subfield code="y">20th century</subfield>
               <subfield code="v">Diaries.</subfield>
            </datafield>
            <datafield tag="999" ind1=" " ind2=" ">
               <subfield code="a">PQ2625.A929Z473 1993</subfield>
               <subfield code="w">LC</subfield>
               <subfield code="c">1</subfield>
               <subfield code="i">000021685798</subfield>
               <subfield code="d">12/13/1993</subfield>
               <subfield code="e">1/9/1995</subfield>
               <subfield code="l">PATTEE-2A</subfield>
               <subfield code="m">UP-PAT</subfield>
               <subfield code="n">1</subfield>
               <subfield code="r">Y</subfield>
               <subfield code="s">Y</subfield>
               <subfield code="t">BOOK</subfield>
               <subfield code="u">4/13/2001</subfield>
            </datafield>
      </record>
    </metadata>
  </record>