
   <record> 
    <header>
      <identifier>oai:cat.libraries.psu.edu:1455598</identifier> 
      <datestamp>2022-12-16</datestamp>
      <setSpec>BOOK</setSpec> 
    </header>
    <metadata>
      <record xmlns="http://www.loc.gov/MARC21/slim" xsi:schemaLocation="http://www.loc.gov/MARC21/slim http://www.loc.gov/standards/marcxml/schema/MARC21slim.xsd" type="Bibliographic">
         <leader>     nam  22      a 4500</leader>
         <controlfield tag="008">971210s1997    xxua     b   i000 0 eng d</controlfield>
            <datafield tag="020" ind1=" " ind2=" ">
               <subfield code="a">9211197503</subfield>
            </datafield>
            <datafield tag="035" ind1=" " ind2=" ">
               <subfield code="a">LIAS2053426</subfield>
            </datafield>
            <datafield tag="035" ind1=" " ind2=" ">
               <subfield code="a">(OCoLC)37551146</subfield>
            </datafield>
            <datafield tag="050" ind1="1" ind2="4">
               <subfield code="a">HF1532.5.A86</subfield>
               <subfield code="b">S35 1996</subfield>
            </datafield>
            <datafield tag="111" ind1="2" ind2=" ">
               <subfield code="a">Seminar on the Implications of the Single European Market for Asian and Pacific Economies: Opportunities and Challenges</subfield>
               <subfield code="d">(1996 :</subfield>
               <subfield code="c">Bangkok, Thailand)</subfield>
            </datafield>
            <datafield tag="245" ind1="1" ind2="0">
               <subfield code="a">Implications of the single European market for Asian and the Pacific Economies :</subfield>
               <subfield code="b">opportunities and challenges : papers and proceedings presented at the Seminar on the Implications of the Single European Market for Asian and Pacific Economies : Oppotunities and Challenges, 10-11 July 1996, Bangkok, under the Japan-ESCAP Cooperation Fund.</subfield>
            </datafield>
            <datafield tag="264" ind1=" " ind2="1">
               <subfield code="a">New York :</subfield>
               <subfield code="b">United Nations,</subfield>
               <subfield code="c">1997.</subfield>
            </datafield>
            <datafield tag="300" ind1=" " ind2=" ">
               <subfield code="a">iii, 436 pages :</subfield>
               <subfield code="b">illustrations ;</subfield>
               <subfield code="c">24 cm.</subfield>
            </datafield>
            <datafield tag="490" ind1="1" ind2=" ">
               <subfield code="a">Studies in trade and investment ;</subfield>
               <subfield code="v">26</subfield>
            </datafield>
            <datafield tag="500" ind1=" " ind2=" ">
               <subfield code="a">At head of title: Economic and Social Commission for Asia and th e Pacific.</subfield>
            </datafield>
            <datafield tag="500" ind1=" " ind2=" ">
               <subfield code="a">&quot;ST/ESCAP/1744&quot;--T.p. verso.</subfield>
            </datafield>
            <datafield tag="504" ind1=" " ind2=" ">
               <subfield code="a">Includes bibliographical references.</subfield>
            </datafield>
            <datafield tag="651" ind1=" " ind2="0">
               <subfield code="a">European Union countries</subfield>
               <subfield code="x">Foreign economic relations</subfield>
               <subfield code="z">Asia</subfield>
               <subfield code="v">Congresses.</subfield>
            </datafield>
            <datafield tag="651" ind1=" " ind2="0">
               <subfield code="a">European Union countries</subfield>
               <subfield code="x">Foreign economic relations</subfield>
               <subfield code="z">Pacific Area</subfield>
               <subfield code="v">Congresses.</subfield>
            </datafield>
            <datafield tag="651" ind1=" " ind2="0">
               <subfield code="a">Asia</subfield>
               <subfield code="x">Foreign economic relations</subfield>
               <subfield code="z">European Union countries</subfield>
               <subfield code="v">Congresses.</subfield>
            </datafield>
            <datafield tag="651" ind1=" " ind2="0">
               <subfield code="a">Pacific Area</subfield>
               <subfield code="x">Foreign economic relations</subfield>
               <subfield code="z">European Union countries</subfield>
               <subfield code="v">Congresses.</subfield>
            </datafield>
            <datafield tag="710" ind1="2" ind2=" ">
               <subfield code="a">United Nations.</subfield>
               <subfield code="b">Economic and Social Commission for Asia and the Pacific.</subfield>
            </datafield>
            <datafield tag="830" ind1=" " ind2="0">
               <subfield code="a">ESCAP studies in trade and investment ;</subfield>
               <subfield code="v">26.</subfield>
            </datafield>
            <datafield tag="999" ind1=" " ind2=" ">
               <subfield code="a">UN/ST/ESCAP/1744</subfield>
               <subfield code="w">SUDOC</subfield>
               <subfield code="c">1</subfield>
               <subfield code="i">000031926379</subfield>
               <subfield code="d">5/22/1998</subfield>
               <subfield code="e">12/10/1997</subfield>
               <subfield code="l">DOC-INTL</subfield>
               <subfield code="m">UP-PAT</subfield>
               <subfield code="r">Y</subfield>
               <subfield code="s">Y</subfield>
               <subfield code="t">BOOK</subfield>
               <subfield code="u">4/13/2001</subfield>
            </datafield>
      </record>
    </metadata>
  </record>