
   <record> 
    <header>
      <identifier>oai:cat.libraries.psu.edu:14556</identifier> 
      <datestamp>2022-12-16</datestamp>
      <setSpec>BOOK</setSpec> 
    </header>
    <metadata>
      <record xmlns="http://www.loc.gov/MARC21/slim" xsi:schemaLocation="http://www.loc.gov/MARC21/slim http://www.loc.gov/standards/marcxml/schema/MARC21slim.xsd" type="Bibliographic">
         <leader>     ntm  22     1  4500</leader>
         <controlfield tag="008">780801s1878    cl            000 0 spa d</controlfield>
            <datafield tag="035" ind1=" " ind2=" ">
               <subfield code="a">LIAS51977</subfield>
            </datafield>
            <datafield tag="035" ind1=" " ind2=" ">
               <subfield code="a">(OCoLC)32625013</subfield>
            </datafield>
            <datafield tag="100" ind1="1" ind2=" ">
               <subfield code="a">Vicuña Mackenna, Benjamín,</subfield>
               <subfield code="d">1831-1886.</subfield>
            </datafield>
            <datafield tag="245" ind1="1" ind2="0">
               <subfield code="a">Manuel Pardo, ex-presidente del Perú :</subfield>
               <subfield code="b">Breves apuntes i revelaciones sobre su vida /</subfield>
               <subfield code="c">por B. Vicuña Mackenna. Homenaje de un chileno a su memoria.</subfield>
            </datafield>
            <datafield tag="264" ind1=" " ind2="1">
               <subfield code="a">Santiago de Chile :</subfield>
               <subfield code="b">Imprenta de la Librería del Mercurio,</subfield>
               <subfield code="c">1878.</subfield>
            </datafield>
            <datafield tag="300" ind1=" " ind2=" ">
               <subfield code="a">68 pages ;</subfield>
               <subfield code="c">18 cm</subfield>
            </datafield>
            <datafield tag="500" ind1=" " ind2=" ">
               <subfield code="a">P.S.U. copy imperfect: front cover mutilated and back cover lacking.</subfield>
            </datafield>
            <datafield tag="600" ind1="1" ind2="0">
               <subfield code="a">Pardo, Manuel,</subfield>
               <subfield code="c">pres. Peru,</subfield>
               <subfield code="d">1834-1878.</subfield>
            </datafield>
            <datafield tag="999" ind1=" " ind2=" ">
               <subfield code="a">F3447.P25V5</subfield>
               <subfield code="w">LC</subfield>
               <subfield code="c">1</subfield>
               <subfield code="i">000026937656</subfield>
               <subfield code="d">8/1/1978</subfield>
               <subfield code="l">RARE-BOOK</subfield>
               <subfield code="m">UP-SPECCOL</subfield>
               <subfield code="r">Y</subfield>
               <subfield code="s">Y</subfield>
               <subfield code="t">BOOK</subfield>
               <subfield code="u">4/12/2001</subfield>
            </datafield>
      </record>
    </metadata>
  </record>