
   <record> 
    <header>
      <identifier>oai:cat.libraries.psu.edu:1455603</identifier> 
      <datestamp>2022-12-16</datestamp>
      <setSpec>AUDIO</setSpec> 
    </header>
    <metadata>
      <record xmlns="http://www.loc.gov/MARC21/slim" xsi:schemaLocation="http://www.loc.gov/MARC21/slim http://www.loc.gov/standards/marcxml/schema/MARC21slim.xsd" type="Bibliographic">
         <leader>     nam  22        4500</leader>
         <controlfield tag="008">931213s1991    xxuuuu   fi             d</controlfield>
            <datafield tag="035" ind1=" " ind2=" ">
               <subfield code="a">LIAS1736912</subfield>
            </datafield>
            <datafield tag="035" ind1=" " ind2=" ">
               <subfield code="a">(OCoLC)23704515</subfield>
            </datafield>
            <datafield tag="041" ind1="0" ind2=" ">
               <subfield code="g">eng</subfield>
            </datafield>
            <datafield tag="050" ind1="1" ind2="4">
               <subfield code="a">M1366 .E44</subfield>
               <subfield code="b">E44 1991</subfield>
            </datafield>
            <datafield tag="100" ind1="1" ind2=" ">
               <subfield code="a">Ehrlich, Marty.</subfield>
            </datafield>
            <datafield tag="240" ind1="1" ind2="0">
               <subfield code="a">Instrumental music.</subfield>
               <subfield code="k">Selections</subfield>
            </datafield>
            <datafield tag="245" ind1="1" ind2="0">
               <subfield code="a">Emergency peace</subfield>
               <subfield code="h">[sound recording] /</subfield>
               <subfield code="c">Marty Ehrlich and The Dark Woods Ensemble.</subfield>
            </datafield>
            <datafield tag="264" ind1=" " ind2="1">
               <subfield code="a">New York :</subfield>
               <subfield code="b">New World/CounterCurrents,</subfield>
               <subfield code="c">[1991]</subfield>
            </datafield>
            <datafield tag="264" ind1=" " ind2="4">
               <subfield code="c">℗1991</subfield>
            </datafield>
            <datafield tag="300" ind1=" " ind2=" ">
               <subfield code="a">1 audio disc (56 min.) :</subfield>
               <subfield code="b">digital ;</subfield>
               <subfield code="c">4 3/4 in.</subfield>
            </datafield>
            <datafield tag="490" ind1="1" ind2=" ">
               <subfield code="a">Counter currents</subfield>
            </datafield>
            <datafield tag="500" ind1=" " ind2=" ">
               <subfield code="a">Analog recording.</subfield>
            </datafield>
            <datafield tag="500" ind1=" " ind2=" ">
               <subfield code="a">&quot;Recorded Anthology of American Music Inc.&quot;</subfield>
            </datafield>
            <datafield tag="500" ind1=" " ind2=" ">
               <subfield code="a">Program notes by Marty Ehrlich (1 folded sheet) inserted in container.</subfield>
            </datafield>
            <datafield tag="500" ind1=" " ind2=" ">
               <subfield code="a">Compact disc.</subfield>
            </datafield>
            <datafield tag="505" ind1="0" ind2=" ">
               <subfield code="a">Emergency peace (10:14) -- Dusk (9:25) -- The painter (7:23) --the tucked sleeve of a one-armed boy (1:33) -- Unison (9:29) -- Double dance (3:42) -- Circle the heart (8:37) -- Charlie in the parker (4:46) -- Tribute (5:38).</subfield>
            </datafield>
            <datafield tag="511" ind1="0" ind2=" ">
               <subfield code="a">Marty Ehrlich, clarinets, flutes and alto saxophone ; The Dark Woods Ensemble.</subfield>
            </datafield>
            <datafield tag="518" ind1=" " ind2=" ">
               <subfield code="a">Recorded at Skyline Studios, New York, Dec. 14-16, 1990.</subfield>
            </datafield>
            <datafield tag="650" ind1=" " ind2="0">
               <subfield code="a">Trios (Clarinet, cello, double bass)</subfield>
            </datafield>
            <datafield tag="650" ind1=" " ind2="0">
               <subfield code="a">Quartets (Piano, saxophone, cello, double bass)</subfield>
            </datafield>
            <datafield tag="650" ind1=" " ind2="0">
               <subfield code="a">Trios (Flute, cello, double bass)</subfield>
            </datafield>
            <datafield tag="650" ind1=" " ind2="0">
               <subfield code="a">Trios (Saxophone, cello, double bass)</subfield>
            </datafield>
            <datafield tag="650" ind1=" " ind2="0">
               <subfield code="a">Trios (Flutes (2), cello)</subfield>
            </datafield>
            <datafield tag="650" ind1=" " ind2="0">
               <subfield code="a">Jazz.</subfield>
            </datafield>
            <datafield tag="700" ind1="1" ind2="2">
               <subfield code="a">Ehrlich, Marty.</subfield>
               <subfield code="t">Dusk.</subfield>
            </datafield>
            <datafield tag="700" ind1="1" ind2="2">
               <subfield code="a">Hemphill, Julius.</subfield>
               <subfield code="t">Painter.</subfield>
            </datafield>
            <datafield tag="700" ind1="1" ind2="2">
               <subfield code="a">Ehrlich, Marty.</subfield>
               <subfield code="t">tucked sleeve of a one-armed boy.</subfield>
            </datafield>
            <datafield tag="700" ind1="1" ind2="2">
               <subfield code="a">Ehrlich, Marty.</subfield>
               <subfield code="t">Unison.</subfield>
            </datafield>
            <datafield tag="700" ind1="1" ind2="2">
               <subfield code="a">Ehrlich, Marty.</subfield>
               <subfield code="t">Double dance.</subfield>
            </datafield>
            <datafield tag="700" ind1="1" ind2="2">
               <subfield code="a">Ehrlich, Marty.</subfield>
               <subfield code="t">Circle the heart.</subfield>
            </datafield>
            <datafield tag="700" ind1="1" ind2="2">
               <subfield code="a">Abrams, Muhal Richard,</subfield>
               <subfield code="d">1930-</subfield>
               <subfield code="t">Charlie in the parker.</subfield>
            </datafield>
            <datafield tag="700" ind1="1" ind2="2">
               <subfield code="a">Ehrlich, Marty.</subfield>
               <subfield code="t">Tribute.</subfield>
            </datafield>
            <datafield tag="700" ind1="1" ind2="2">
               <subfield code="a">Ehrlich, Marty.</subfield>
               <subfield code="t">Emergency peace.</subfield>
            </datafield>
            <datafield tag="710" ind1="2" ind2=" ">
               <subfield code="a">Recorded Anthology of American Music, Inc.</subfield>
            </datafield>
            <datafield tag="710" ind1="2" ind2=" ">
               <subfield code="a">Dark Woods Ensemble.</subfield>
            </datafield>
            <datafield tag="830" ind1=" " ind2="0">
               <subfield code="a">Counter currents.</subfield>
            </datafield>
            <datafield tag="999" ind1=" " ind2=" ">
               <subfield code="a">M1366.E33E44 1991</subfield>
               <subfield code="w">LC</subfield>
               <subfield code="c">1</subfield>
               <subfield code="i">000044476496</subfield>
               <subfield code="d">3/29/2009</subfield>
               <subfield code="e">3/22/2009</subfield>
               <subfield code="l">MEDIA-BD</subfield>
               <subfield code="m">BEHREND</subfield>
               <subfield code="n">1</subfield>
               <subfield code="r">Y</subfield>
               <subfield code="s">Y</subfield>
               <subfield code="t">AUDIO</subfield>
               <subfield code="u">4/13/2001</subfield>
            </datafield>
            <datafield tag="999" ind1=" " ind2=" ">
               <subfield code="a">M1366.E33E44 1991</subfield>
               <subfield code="w">LC</subfield>
               <subfield code="c">1</subfield>
               <subfield code="i">000020880637</subfield>
               <subfield code="d">5/16/2015</subfield>
               <subfield code="e">4/6/2015</subfield>
               <subfield code="l">CD-HB</subfield>
               <subfield code="m">HARRISBURG</subfield>
               <subfield code="n">2</subfield>
               <subfield code="r">Y</subfield>
               <subfield code="s">Y</subfield>
               <subfield code="t">AUDIO</subfield>
               <subfield code="u">4/13/2001</subfield>
            </datafield>
      </record>
    </metadata>
  </record>