
   <record> 
    <header>
      <identifier>oai:cat.libraries.psu.edu:1455605</identifier> 
      <datestamp>2022-12-16</datestamp>
      <setSpec>MAP</setSpec> 
    </header>
    <metadata>
      <record xmlns="http://www.loc.gov/MARC21/slim" xsi:schemaLocation="http://www.loc.gov/MARC21/slim http://www.loc.gov/standards/marcxml/schema/MARC21slim.xsd" type="Bibliographic">
         <leader>     nam  22      a 4500</leader>
         <controlfield tag="008">810602s1980    vaug   cc a  f  0   eng  </controlfield>
            <datafield tag="010" ind1=" " ind2=" ">
               <subfield code="a">   81691604</subfield>
            </datafield>
            <datafield tag="035" ind1=" " ind2=" ">
               <subfield code="a">(OCoLC)7732265</subfield>
               <subfield code="z">(OCoLC)7368841</subfield>
               <subfield code="z">(OCoLC)65671298</subfield>
               <subfield code="z">(OCoLC)79844678</subfield>
               <subfield code="z">(OCoLC)1124316279</subfield>
            </datafield>
            <datafield tag="037" ind1=" " ind2=" ">
               <subfield code="b">U.S. Geological Survey, Denver, Colo. 80225</subfield>
               <subfield code="a">U.S. Geological Survey, Reston, Va. 22092</subfield>
            </datafield>
            <datafield tag="050" ind1="0" ind2="0">
               <subfield code="a">G4260 1980</subfield>
               <subfield code="b">.U5</subfield>
            </datafield>
            <datafield tag="050" ind1=" " ind2="4">
               <subfield code="a">G4260 1980</subfield>
               <subfield code="b">.G4</subfield>
            </datafield>
            <datafield tag="110" ind1="2" ind2=" ">
               <subfield code="a">Geological Survey (U.S.),</subfield>
               <subfield code="e">cartographer,</subfield>
               <subfield code="e">publisher.</subfield>
               <subfield code="4">http://id.loc.gov/vocabulary/relators/ctg</subfield>
               <subfield code="4">http://id.loc.gov/vocabulary/relators/pbl</subfield>
               <subfield code="0">http://id.loc.gov/authorities/names/n80092173</subfield>
            </datafield>
            <datafield tag="245" ind1="1" ind2="0">
               <subfield code="a">Wyoming, base map /</subfield>
               <subfield code="c">compiled, edited, and published by the Geological Survey.</subfield>
            </datafield>
            <datafield tag="246" ind1="1" ind2=" ">
               <subfield code="i">Title in upper margin:</subfield>
               <subfield code="a">State of Wyoming</subfield>
            </datafield>
            <datafield tag="246" ind1="1" ind2=" ">
               <subfield code="i">Title in upper right margin:</subfield>
               <subfield code="a">Wyoming</subfield>
            </datafield>
            <datafield tag="250" ind1=" " ind2=" ">
               <subfield code="a">Revised 1980.</subfield>
            </datafield>
            <datafield tag="255" ind1=" " ind2=" ">
               <subfield code="a">Scale 1:1,000,000. 1 in. equals approximately 16 miles ;</subfield>
               <subfield code="b">Lambert conformal conic projection based on standard parallels 33° and 45°</subfield>
               <subfield code="c">(W 111°03ʹ00ʺ--W 104°03ʹ00ʺ/N 45°00ʹ00ʺ--N 40°59ʹ00ʺ).</subfield>
            </datafield>
            <datafield tag="264" ind1=" " ind2="1">
               <subfield code="a">Reston, Virginia :</subfield>
               <subfield code="b">Geological Survey,</subfield>
               <subfield code="c">[1980]</subfield>
            </datafield>
            <datafield tag="300" ind1=" " ind2=" ">
               <subfield code="a">1 map ;</subfield>
               <subfield code="c">47 x 61 cm</subfield>
            </datafield>
            <datafield tag="500" ind1=" " ind2=" ">
               <subfield code="a">Shows counties, towns, drainage, and railroads. Does not show roads.</subfield>
            </datafield>
            <datafield tag="500" ind1=" " ind2=" ">
               <subfield code="a">Relief shown by spot heights.</subfield>
            </datafield>
            <datafield tag="500" ind1=" " ind2=" ">
               <subfield code="a">&quot;Compiled in 1964.&quot;</subfield>
            </datafield>
            <datafield tag="500" ind1=" " ind2=" ">
               <subfield code="a">Includes &quot;Source data&quot; and &quot;Population key.&quot;</subfield>
            </datafield>
            <datafield tag="651" ind1=" " ind2="0">
               <subfield code="a">Wyoming</subfield>
               <subfield code="v">Maps.</subfield>
            </datafield>
            <datafield tag="651" ind1=" " ind2="7">
               <subfield code="a">Wyoming.</subfield>
               <subfield code="2">fast</subfield>
               <subfield code="0">(OCoLC)fst01204583</subfield>
            </datafield>
            <datafield tag="655" ind1=" " ind2="7">
               <subfield code="a">Maps.</subfield>
               <subfield code="2">fast</subfield>
               <subfield code="0">(OCoLC)fst01423704</subfield>
            </datafield>
            <datafield tag="655" ind1=" " ind2="7">
               <subfield code="a">Maps.</subfield>
               <subfield code="2">lcgft</subfield>
               <subfield code="0">http://id.loc.gov/authorities/genreForms/gf2011026387</subfield>
            </datafield>
            <datafield tag="999" ind1=" " ind2=" ">
               <subfield code="a">G4261.A1 1980.G4</subfield>
               <subfield code="w">LC</subfield>
               <subfield code="c">1</subfield>
               <subfield code="i">000017884358</subfield>
               <subfield code="d">8/14/1992</subfield>
               <subfield code="e">5/3/1991</subfield>
               <subfield code="l">MAPS-MP</subfield>
               <subfield code="m">UP-MAPS</subfield>
               <subfield code="n">1</subfield>
               <subfield code="r">Y</subfield>
               <subfield code="s">Y</subfield>
               <subfield code="t">MAP</subfield>
               <subfield code="u">4/13/2001</subfield>
            </datafield>
      </record>
    </metadata>
  </record>