
   <record> 
    <header>
      <identifier>oai:cat.libraries.psu.edu:1455607</identifier> 
      <datestamp>2022-12-16</datestamp>
      <setSpec>MAP</setSpec> 
    </header>
    <metadata>
      <record xmlns="http://www.loc.gov/MARC21/slim" xsi:schemaLocation="http://www.loc.gov/MARC21/slim http://www.loc.gov/standards/marcxml/schema/MARC21slim.xsd" type="Bibliographic">
         <leader>     nam  22     5a 4500</leader>
         <controlfield tag="008">900907s1989    pau       a     1   eng  </controlfield>
            <datafield tag="010" ind1=" " ind2=" ">
               <subfield code="a">   90685062</subfield>
            </datafield>
            <datafield tag="035" ind1=" " ind2=" ">
               <subfield code="a">(OCoLC)22493122</subfield>
            </datafield>
            <datafield tag="037" ind1=" " ind2=" ">
               <subfield code="b">Oil City Economic Development Corporation, Transit Annex Mall, P.O. Box 376, Oil City, PA 16301</subfield>
            </datafield>
            <datafield tag="037" ind1=" " ind2=" ">
               <subfield code="b">Oil City Economic Development Corporation, Transit Annex Mall, P.O. Box 376, Oil City, PA 16301</subfield>
            </datafield>
            <datafield tag="050" ind1="0" ind2="0">
               <subfield code="a">G3824.O4 1989</subfield>
               <subfield code="b">.O3</subfield>
            </datafield>
            <datafield tag="110" ind1="2" ind2=" ">
               <subfield code="a">Oil City Area Chamber of Commerce (Oil City, Pa.)</subfield>
            </datafield>
            <datafield tag="245" ind1="1" ind2="0">
               <subfield code="a">City of Oil City, Pennsylvania /</subfield>
               <subfield code="c">map compliments of Oil City Area Chamber of Commerce, Oil City Economic Development Corporation.</subfield>
            </datafield>
            <datafield tag="255" ind1=" " ind2=" ">
               <subfield code="a">Scale [ca. 1:10,250]</subfield>
               <subfield code="c">(W 79°43ʹ59ʺ--W 79°40ʹ23ʺ/N 41°26ʹ49ʺ--N 41°24ʹ18ʺ)</subfield>
            </datafield>
            <datafield tag="260" ind1=" " ind2=" ">
               <subfield code="a">Oil City :</subfield>
               <subfield code="b">Chamber of Commerce :</subfield>
               <subfield code="b">The Corporation,</subfield>
               <subfield code="c">[1989?]</subfield>
            </datafield>
            <datafield tag="300" ind1=" " ind2=" ">
               <subfield code="a">1 map ;</subfield>
               <subfield code="c">43 x 60 cm, folded to 23 x 16 cm</subfield>
            </datafield>
            <datafield tag="500" ind1=" " ind2=" ">
               <subfield code="a">Text, indexes, and road &quot;Map of Venango County&quot; on verso.</subfield>
            </datafield>
            <datafield tag="651" ind1=" " ind2="0">
               <subfield code="a">Oil City (Pa.)</subfield>
               <subfield code="v">Maps.</subfield>
            </datafield>
            <datafield tag="651" ind1=" " ind2="0">
               <subfield code="a">Venango County (Pa.)</subfield>
               <subfield code="v">Road maps.</subfield>
            </datafield>
            <datafield tag="651" ind1=" " ind2="7">
               <subfield code="a">Pennsylvania</subfield>
               <subfield code="z">Oil City.</subfield>
               <subfield code="2">fast</subfield>
               <subfield code="0">(OCoLC)fst01206286</subfield>
            </datafield>
            <datafield tag="651" ind1=" " ind2="7">
               <subfield code="a">Pennsylvania</subfield>
               <subfield code="z">Venango County.</subfield>
               <subfield code="2">fast</subfield>
               <subfield code="0">(OCoLC)fst01215986</subfield>
            </datafield>
            <datafield tag="655" ind1=" " ind2="7">
               <subfield code="a">Maps.</subfield>
               <subfield code="2">fast</subfield>
               <subfield code="0">(OCoLC)fst01423704</subfield>
            </datafield>
            <datafield tag="655" ind1=" " ind2="7">
               <subfield code="a">Road maps.</subfield>
               <subfield code="2">fast</subfield>
               <subfield code="0">(OCoLC)fst01752673</subfield>
            </datafield>
            <datafield tag="655" ind1=" " ind2="7">
               <subfield code="a">Road maps.</subfield>
               <subfield code="2">lcgft</subfield>
            </datafield>
            <datafield tag="710" ind1="2" ind2=" ">
               <subfield code="a">Oil City Economic Development Corporation.</subfield>
            </datafield>
            <datafield tag="999" ind1=" " ind2=" ">
               <subfield code="a">G3824.O4 1989.O3</subfield>
               <subfield code="w">LC</subfield>
               <subfield code="c">1</subfield>
               <subfield code="i">000024987929</subfield>
               <subfield code="d">12/7/2017</subfield>
               <subfield code="e">5/11/1996</subfield>
               <subfield code="f">12/7/2017</subfield>
               <subfield code="g">1</subfield>
               <subfield code="l">MAPS-MP</subfield>
               <subfield code="m">UP-MAPS</subfield>
               <subfield code="r">Y</subfield>
               <subfield code="s">Y</subfield>
               <subfield code="t">MAP</subfield>
               <subfield code="u">4/13/2001</subfield>
            </datafield>
      </record>
    </metadata>
  </record>