
   <record> 
    <header>
      <identifier>oai:cat.libraries.psu.edu:145561</identifier> 
      <datestamp>2022-12-16</datestamp>
      <setSpec>BOOK</setSpec> 
    </header>
    <metadata>
      <record xmlns="http://www.loc.gov/MARC21/slim" xsi:schemaLocation="http://www.loc.gov/MARC21/slim http://www.loc.gov/standards/marcxml/schema/MARC21slim.xsd" type="Bibliographic">
         <leader>     nam  22     1  4500</leader>
         <controlfield tag="008">920610s1982    xxk      b    000 0 eng d</controlfield>
            <datafield tag="010" ind1=" " ind2=" ">
               <subfield code="a">   82231437</subfield>
            </datafield>
            <datafield tag="020" ind1=" " ind2=" ">
               <subfield code="a">0631180605</subfield>
            </datafield>
            <datafield tag="035" ind1=" " ind2=" ">
               <subfield code="a">LIAS247830</subfield>
            </datafield>
            <datafield tag="035" ind1=" " ind2=" ">
               <subfield code="a">(OCoLC)8842746</subfield>
            </datafield>
            <datafield tag="050" ind1="0" ind2="0">
               <subfield code="a">BR141</subfield>
               <subfield code="b">.S84 vol. 18</subfield>
               <subfield code="a">BR140.5</subfield>
            </datafield>
            <datafield tag="110" ind1="2" ind2=" ">
               <subfield code="a">Ecclesiastical History Society.</subfield>
               <subfield code="b">Summer Meeting</subfield>
               <subfield code="n">(19th :</subfield>
               <subfield code="d">1980 :</subfield>
               <subfield code="c">University of Nottingham)</subfield>
            </datafield>
            <datafield tag="245" ind1="1" ind2="0">
               <subfield code="a">Religion and national identity :</subfield>
               <subfield code="b">papers read at the Nineteenth Summer Meeting and the Twentieth Winter Meeting of the Ecclesiastical History Society /</subfield>
               <subfield code="c">edited by Stuart Mews.</subfield>
            </datafield>
            <datafield tag="264" ind1=" " ind2="1">
               <subfield code="a">Oxford :</subfield>
               <subfield code="b">Published for the Ecclesiastical History Society by B. Blackwell,</subfield>
               <subfield code="c">1982.</subfield>
            </datafield>
            <datafield tag="300" ind1=" " ind2=" ">
               <subfield code="a">xvi, 618 pages ;</subfield>
               <subfield code="c">22 cm</subfield>
            </datafield>
            <datafield tag="490" ind1="1" ind2=" ">
               <subfield code="a">Studies in church history ;</subfield>
               <subfield code="v">18</subfield>
            </datafield>
            <datafield tag="504" ind1=" " ind2=" ">
               <subfield code="a">Includes bibliographical references.</subfield>
            </datafield>
            <datafield tag="650" ind1=" " ind2="0">
               <subfield code="a">Church history</subfield>
               <subfield code="v">Congresses.</subfield>
            </datafield>
            <datafield tag="650" ind1=" " ind2="0">
               <subfield code="a">Nationalism</subfield>
               <subfield code="x">Religious aspects</subfield>
               <subfield code="x">Christianity</subfield>
               <subfield code="x">History</subfield>
               <subfield code="v">Congresses.</subfield>
            </datafield>
            <datafield tag="700" ind1="1" ind2=" ">
               <subfield code="a">Mews, Stuart.</subfield>
            </datafield>
            <datafield tag="710" ind1="2" ind2=" ">
               <subfield code="a">Ecclesiastical History Society.</subfield>
               <subfield code="b">Winter Meeting</subfield>
               <subfield code="n">(20th :</subfield>
               <subfield code="d">1981 :</subfield>
               <subfield code="c">King's College, London)</subfield>
            </datafield>
            <datafield tag="830" ind1=" " ind2="0">
               <subfield code="a">Studies in church history ;</subfield>
               <subfield code="v">18</subfield>
            </datafield>
            <datafield tag="999" ind1=" " ind2=" ">
               <subfield code="a">BL65.N3R4</subfield>
               <subfield code="w">LC</subfield>
               <subfield code="c">1</subfield>
               <subfield code="i">000007895050</subfield>
               <subfield code="d">6/11/2011</subfield>
               <subfield code="e">5/13/2011</subfield>
               <subfield code="l">PATTEE-BA</subfield>
               <subfield code="m">UP-PAT</subfield>
               <subfield code="n">20</subfield>
               <subfield code="r">Y</subfield>
               <subfield code="s">Y</subfield>
               <subfield code="t">BOOK</subfield>
               <subfield code="u">4/12/2001</subfield>
            </datafield>
      </record>
    </metadata>
  </record>