
   <record> 
    <header>
      <identifier>oai:cat.libraries.psu.edu:1455612</identifier> 
      <datestamp>2022-12-16</datestamp>
      <setSpec>VIDEO</setSpec> 
    </header>
    <metadata>
      <record xmlns="http://www.loc.gov/MARC21/slim" xsi:schemaLocation="http://www.loc.gov/MARC21/slim http://www.loc.gov/standards/marcxml/schema/MARC21slim.xsd" type="Bibliographic">
         <leader>     nam  22     1a 4500</leader>
         <controlfield tag="008">910809t19861985xx ---            vueng d</controlfield>
            <datafield tag="035" ind1=" " ind2=" ">
               <subfield code="a">LIAS1579752</subfield>
            </datafield>
            <datafield tag="035" ind1=" " ind2=" ">
               <subfield code="a">(OCoLC)15475782</subfield>
            </datafield>
            <datafield tag="245" ind1="0" ind2="4">
               <subfield code="a">The True legend of King Arthur</subfield>
               <subfield code="h">[videorecording] /</subfield>
               <subfield code="c">filmed and produced by Jaques Sandoz ; assisted by Yves Bernard and Rafael Navarro.</subfield>
            </datafield>
            <datafield tag="264" ind1=" " ind2="1">
               <subfield code="a">Geneva, Switzerland :</subfield>
               <subfield code="b">Libraprim,</subfield>
               <subfield code="c">1985.</subfield>
            </datafield>
            <datafield tag="264" ind1=" " ind2="2">
               <subfield code="a">Princeton, N.J. :</subfield>
               <subfield code="b">Films for the Humanities</subfield>
            </datafield>
            <datafield tag="264" ind1=" " ind2="4">
               <subfield code="c">©1986</subfield>
            </datafield>
            <datafield tag="300" ind1=" " ind2=" ">
               <subfield code="a">1 videocassette (27 min.) :</subfield>
               <subfield code="b">sound, color ;</subfield>
               <subfield code="c">1/2 in.</subfield>
            </datafield>
            <datafield tag="490" ind1="0" ind2=" ">
               <subfield code="a">Ancient books in the French language, legends</subfield>
            </datafield>
            <datafield tag="500" ind1=" " ind2=" ">
               <subfield code="a">Title on cartridge and container: The legend of King Arthur.</subfield>
            </datafield>
            <datafield tag="500" ind1=" " ind2=" ">
               <subfield code="a">VHS format.</subfield>
            </datafield>
            <datafield tag="508" ind1=" " ind2=" ">
               <subfield code="a">Music, Louis Crelier.</subfield>
            </datafield>
            <datafield tag="511" ind1="0" ind2=" ">
               <subfield code="a">Eliot W. Evans and Jaques Sandoz.</subfield>
            </datafield>
            <datafield tag="520" ind1=" " ind2=" ">
               <subfield code="a">An examination of the blend of history, mythology, religion, and prophetic dreams that constitute the development of the Arthurian legend. Visits Glastonbury and other sites where the legend is set, presents illuminations and other illustrations of the Arthur stories, and covers the principal tales and their meanings -- particularly the search for the Holy Grail.</subfield>
            </datafield>
            <datafield tag="600" ind1="0" ind2="0">
               <subfield code="a">Arthur,</subfield>
               <subfield code="c">King.</subfield>
            </datafield>
            <datafield tag="650" ind1=" " ind2="0">
               <subfield code="a">Arthurian romances.</subfield>
            </datafield>
            <datafield tag="700" ind1="1" ind2=" ">
               <subfield code="a">Sandoz, Jaques.</subfield>
            </datafield>
            <datafield tag="710" ind1="2" ind2=" ">
               <subfield code="a">Films for the Humanities (Firm)</subfield>
            </datafield>
            <datafield tag="740" ind1="0" ind2=" ">
               <subfield code="a">Legend of King Arthur.</subfield>
            </datafield>
            <datafield tag="999" ind1=" " ind2=" ">
               <subfield code="a">35917 VHS</subfield>
               <subfield code="w">ASIS</subfield>
               <subfield code="c">1</subfield>
               <subfield code="i">000064650913</subfield>
               <subfield code="d">8/9/2011</subfield>
               <subfield code="e">8/1/2011</subfield>
               <subfield code="l">FILM-CTR</subfield>
               <subfield code="m">UP-ANNEX</subfield>
               <subfield code="n">3</subfield>
               <subfield code="r">Y</subfield>
               <subfield code="s">Y</subfield>
               <subfield code="t">VIDEO</subfield>
               <subfield code="u">4/13/2001</subfield>
            </datafield>
      </record>
    </metadata>
  </record>