
   <record> 
    <header>
      <identifier>oai:cat.libraries.psu.edu:1455614</identifier> 
      <datestamp>2022-12-16</datestamp>
      <setSpec>BOOK</setSpec> 
    </header>
    <metadata>
      <record xmlns="http://www.loc.gov/MARC21/slim" xsi:schemaLocation="http://www.loc.gov/MARC21/slim http://www.loc.gov/standards/marcxml/schema/MARC21slim.xsd" type="Bibliographic">
         <leader>     nam  22        4500</leader>
         <controlfield tag="008">931213s1993    xx            000 0 eng d</controlfield>
            <datafield tag="020" ind1=" " ind2=" ">
               <subfield code="a">1870612884</subfield>
            </datafield>
            <datafield tag="035" ind1=" " ind2=" ">
               <subfield code="a">LIAS1736914</subfield>
            </datafield>
            <datafield tag="035" ind1=" " ind2=" ">
               <subfield code="a">(CStRLIN)CTYAFJV7025-B</subfield>
            </datafield>
            <datafield tag="035" ind1=" " ind2=" ">
               <subfield code="a">(OCoLC)29520881</subfield>
            </datafield>
            <datafield tag="100" ind1="1" ind2=" ">
               <subfield code="a">Kociejowski, Marius.</subfield>
            </datafield>
            <datafield tag="245" ind1="1" ind2="0">
               <subfield code="a">Giacomo Leopardi in Naples /</subfield>
               <subfield code="c">Marius Kociejowski.</subfield>
            </datafield>
            <datafield tag="264" ind1=" " ind2="1">
               <subfield code="a">London :</subfield>
               <subfield code="b">Enitharmon Press,</subfield>
               <subfield code="c">1993.</subfield>
            </datafield>
            <datafield tag="300" ind1=" " ind2=" ">
               <subfield code="a">11 unnumbered pages ;</subfield>
               <subfield code="c">21 cm.</subfield>
            </datafield>
            <datafield tag="490" ind1="1" ind2=" ">
               <subfield code="a">Enitharmon pamphlets ;</subfield>
               <subfield code="v">1</subfield>
            </datafield>
            <datafield tag="500" ind1=" " ind2=" ">
               <subfield code="a">&quot;Edition comprises two hundred numbered copies, the fivest fifty of which are signed and numbered by the author and included in a slipcased set with the other fir titles in the series. An additional twenty-five copies, numbered i to xxv, are reserved for the author&quot;.</subfield>
            </datafield>
            <datafield tag="600" ind1="1" ind2="0">
               <subfield code="a">Leopardi, Giacomo,</subfield>
               <subfield code="d">1798-1837</subfield>
               <subfield code="v">Poetry.</subfield>
            </datafield>
            <datafield tag="830" ind1=" " ind2="0">
               <subfield code="a">Enitharmon pamphlets ;</subfield>
               <subfield code="v">1.</subfield>
            </datafield>
            <datafield tag="999" ind1=" " ind2=" ">
               <subfield code="a">PR6061.O34G53 1993</subfield>
               <subfield code="w">LC</subfield>
               <subfield code="c">1</subfield>
               <subfield code="i">000021912351</subfield>
               <subfield code="d">5/20/1996</subfield>
               <subfield code="e">5/30/1996</subfield>
               <subfield code="l">RARE-BOOK</subfield>
               <subfield code="m">UP-SPECCOL</subfield>
               <subfield code="r">Y</subfield>
               <subfield code="s">Y</subfield>
               <subfield code="t">BOOK</subfield>
               <subfield code="u">4/13/2001</subfield>
            </datafield>
      </record>
    </metadata>
  </record>