
   <record> 
    <header>
      <identifier>oai:cat.libraries.psu.edu:1455616</identifier> 
      <datestamp>2022-12-16</datestamp>
      <setSpec>MAPSPEC</setSpec> 
    </header>
    <metadata>
      <record xmlns="http://www.loc.gov/MARC21/slim" xsi:schemaLocation="http://www.loc.gov/MARC21/slim http://www.loc.gov/standards/marcxml/schema/MARC21slim.xsd" type="Bibliographic">
         <leader>     nam  22     1a 4500</leader>
         <controlfield tag="008">860303s1959    nyucg  cz a     0   eng d</controlfield>
            <datafield tag="035" ind1=" " ind2=" ">
               <subfield code="a">(OCoLC)13223650</subfield>
            </datafield>
            <datafield tag="050" ind1=" " ind2="4">
               <subfield code="a">G3700 1959</subfield>
               <subfield code="b">.A5</subfield>
            </datafield>
            <datafield tag="110" ind1="2" ind2=" ">
               <subfield code="a">American Geographical Society of New York.</subfield>
            </datafield>
            <datafield tag="245" ind1="1" ind2="4">
               <subfield code="a">The United States</subfield>
               <subfield code="h">[cartographic material] /</subfield>
               <subfield code="c">compiled and drawn by the American Geographical Society.</subfield>
            </datafield>
            <datafield tag="255" ind1=" " ind2=" ">
               <subfield code="a">Scale 1:5,000,000;</subfield>
               <subfield code="b">Bipolar oblique conic conformal projection</subfield>
               <subfield code="c">(W 128⁰--W 66⁰/N 48⁰--N 24⁰)</subfield>
            </datafield>
            <datafield tag="264" ind1=" " ind2="1">
               <subfield code="a">New York :</subfield>
               <subfield code="b">American Geographical Society of New York,</subfield>
               <subfield code="c">[1959]</subfield>
            </datafield>
            <datafield tag="264" ind1=" " ind2="3">
               <subfield code="a">Baltimore :</subfield>
               <subfield code="b">printed by A. Hoen &amp; Co., Inc.</subfield>
            </datafield>
            <datafield tag="264" ind1=" " ind2="4">
               <subfield code="c">©1959</subfield>
            </datafield>
            <datafield tag="300" ind1=" " ind2=" ">
               <subfield code="a">1 map :</subfield>
               <subfield code="b">color ;</subfield>
               <subfield code="c">59 x 92 cm</subfield>
            </datafield>
            <datafield tag="500" ind1=" " ind2=" ">
               <subfield code="a">Relief shown by hypsometric tints and spot heights.</subfield>
            </datafield>
            <datafield tag="500" ind1=" " ind2=" ">
               <subfield code="a">Includes How to read this map text and three insets:  Alaska -- Hawaii -- Polar view showing relaitive size..</subfield>
            </datafield>
            <datafield tag="651" ind1=" " ind2="0">
               <subfield code="a">United States</subfield>
               <subfield code="v">Maps.</subfield>
            </datafield>
            <datafield tag="655" ind1=" " ind2="7">
               <subfield code="a">Topographic maps.</subfield>
               <subfield code="2">lcgft</subfield>
            </datafield>
            <datafield tag="999" ind1=" " ind2=" ">
               <subfield code="a">G3700 1959.A5</subfield>
               <subfield code="w">LC</subfield>
               <subfield code="c">1</subfield>
               <subfield code="i">000017323758</subfield>
               <subfield code="d">3/20/2017</subfield>
               <subfield code="e">3/20/2000</subfield>
               <subfield code="f">3/20/2017</subfield>
               <subfield code="g">1</subfield>
               <subfield code="l">MAPS-MP</subfield>
               <subfield code="m">UP-MAPS</subfield>
               <subfield code="n">3</subfield>
               <subfield code="r">Y</subfield>
               <subfield code="s">Y</subfield>
               <subfield code="t">MAPSPEC</subfield>
               <subfield code="u">4/13/2001</subfield>
            </datafield>
      </record>
    </metadata>
  </record>