
   <record> 
    <header>
      <identifier>oai:cat.libraries.psu.edu:1455619</identifier> 
      <datestamp>2022-12-16</datestamp>
      <setSpec>MICROFORM</setSpec> 
      <setSpec>THESIS-D</setSpec> 
    </header>
    <metadata>
      <record xmlns="http://www.loc.gov/MARC21/slim" xsi:schemaLocation="http://www.loc.gov/MARC21/slim http://www.loc.gov/standards/marcxml/schema/MARC21slim.xsd" type="Bibliographic">
         <leader>     ntm  22     1  4500</leader>
         <controlfield tag="008">960118s1994    xx            000 0 eng d</controlfield>
            <datafield tag="035" ind1=" " ind2=" ">
               <subfield code="a">LIAS1893446</subfield>
            </datafield>
            <datafield tag="100" ind1="1" ind2=" ">
               <subfield code="a">Weng, Chen-Kuo,</subfield>
               <subfield code="d">1964-</subfield>
            </datafield>
            <datafield tag="245" ind1="1" ind2="0">
               <subfield code="a">Robust wide-range control of electric power plants.</subfield>
            </datafield>
            <datafield tag="264" ind1=" " ind2="1">
               <subfield code="a">[Place of publication not identified] :</subfield>
               <subfield code="b">[publisher not identified],</subfield>
               <subfield code="c">1994.</subfield>
            </datafield>
            <datafield tag="300" ind1=" " ind2=" ">
               <subfield code="a">137 leaves.</subfield>
            </datafield>
            <datafield tag="502" ind1=" " ind2=" ">
               <subfield code="b">Ph.D.</subfield>
               <subfield code="c">Pennsylvania State University.</subfield>
            </datafield>
            <datafield tag="699" ind1=" " ind2=" ">
               <subfield code="a">Mechanical engineering.</subfield>
            </datafield>
            <datafield tag="533" ind1=" " ind2=" ">
               <subfield code="a">Microfilm (positive).</subfield>
               <subfield code="e">1 reel 35mm.,</subfield>
               <subfield code="c">(University Microfilms 95-18899).</subfield>
            </datafield>
            <datafield tag="999" ind1=" " ind2=" ">
               <subfield code="a">Microfilm Cd9896</subfield>
               <subfield code="w">ASIS</subfield>
               <subfield code="c">1</subfield>
               <subfield code="i">000051010324</subfield>
               <subfield code="d">1/18/1996</subfield>
               <subfield code="l">CATO-PARK</subfield>
               <subfield code="m">UP-ANNEX</subfield>
               <subfield code="r">Y</subfield>
               <subfield code="s">Y</subfield>
               <subfield code="t">MICROFORM</subfield>
               <subfield code="u">4/13/2001</subfield>
            </datafield>
            <datafield tag="999" ind1=" " ind2=" ">
               <subfield code="a">Thesis 1994dWeng,C</subfield>
               <subfield code="w">ASIS</subfield>
               <subfield code="c">1</subfield>
               <subfield code="i">000024682541</subfield>
               <subfield code="d">9/11/2007</subfield>
               <subfield code="e">8/14/2007</subfield>
               <subfield code="l">CATO-2</subfield>
               <subfield code="m">UP-ANNEX</subfield>
               <subfield code="n">12</subfield>
               <subfield code="r">Y</subfield>
               <subfield code="s">Y</subfield>
               <subfield code="t">THESIS-D</subfield>
               <subfield code="u">4/13/2001</subfield>
               <subfield code="z">6519</subfield>
            </datafield>
      </record>
    </metadata>
  </record>