
   <record> 
    <header>
      <identifier>oai:cat.libraries.psu.edu:1455620</identifier> 
      <datestamp>2022-12-16</datestamp>
      <setSpec>BOOK</setSpec> 
    </header>
    <metadata>
      <record xmlns="http://www.loc.gov/MARC21/slim" xsi:schemaLocation="http://www.loc.gov/MARC21/slim http://www.loc.gov/standards/marcxml/schema/MARC21slim.xsd" type="Bibliographic">
         <leader>     nam  22      a 4500</leader>
         <controlfield tag="008">910809s1988    xx            000 0 eng d</controlfield>
            <datafield tag="020" ind1=" " ind2=" ">
               <subfield code="a">1851740996</subfield>
            </datafield>
            <datafield tag="035" ind1=" " ind2=" ">
               <subfield code="a">LIAS1579755</subfield>
            </datafield>
            <datafield tag="035" ind1=" " ind2=" ">
               <subfield code="a">(OCoLC)20563044</subfield>
            </datafield>
            <datafield tag="245" ind1="0" ind2="0">
               <subfield code="a">Essays in early Eastern initiation /</subfield>
               <subfield code="c">edited by Paul F. Bradshaw.</subfield>
            </datafield>
            <datafield tag="264" ind1=" " ind2="1">
               <subfield code="a">Bramcote, Nottingham, (England) :</subfield>
               <subfield code="b">Grove Books,</subfield>
               <subfield code="c">1988.</subfield>
            </datafield>
            <datafield tag="300" ind1=" " ind2=" ">
               <subfield code="a">43 pages ;</subfield>
               <subfield code="c">23 cm.</subfield>
            </datafield>
            <datafield tag="490" ind1="1" ind2=" ">
               <subfield code="a">Grove liturgical study ;</subfield>
               <subfield code="v">56</subfield>
            </datafield>
            <datafield tag="490" ind1="1" ind2=" ">
               <subfield code="a">Alcuin/GROW liturgical study ;</subfield>
               <subfield code="v">8</subfield>
            </datafield>
            <datafield tag="504" ind1=" " ind2=" ">
               <subfield code="a">Includes bibliographical references.</subfield>
            </datafield>
            <datafield tag="505" ind1="0" ind2=" ">
               <subfield code="a">Baptismal practice in the Alexandrian tradition, Eastern or Western? / P.F. Bradshaw -- Reconciling Cyril and Egeria on the catechetical process in fourth century Jerusalem / M.E. Johnson -- The structure of the Syrian baptismal rite / R.E. Meyers.</subfield>
            </datafield>
            <datafield tag="650" ind1=" " ind2="0">
               <subfield code="a">Initiation rites</subfield>
               <subfield code="x">Religious aspects</subfield>
               <subfield code="x">Christianity</subfield>
               <subfield code="x">History</subfield>
               <subfield code="y">Early church, ca. 30-600.</subfield>
            </datafield>
            <datafield tag="650" ind1=" " ind2="0">
               <subfield code="a">Baptism</subfield>
               <subfield code="x">History of doctrines</subfield>
               <subfield code="y">Early church, ca. 30-600.</subfield>
            </datafield>
            <datafield tag="650" ind1=" " ind2="0">
               <subfield code="a">Catechisms</subfield>
               <subfield code="x">History of doctrines</subfield>
               <subfield code="y">Early church, ca. 30-600.</subfield>
            </datafield>
            <datafield tag="700" ind1="1" ind2=" ">
               <subfield code="a">Johnson, Maxwell E.</subfield>
            </datafield>
            <datafield tag="700" ind1="1" ind2=" ">
               <subfield code="a">Meyers, Ruth A.</subfield>
            </datafield>
            <datafield tag="700" ind1="1" ind2=" ">
               <subfield code="a">Bradshaw, Paul F.</subfield>
            </datafield>
            <datafield tag="830" ind1=" " ind2="0">
               <subfield code="a">Grove liturgical study ;</subfield>
               <subfield code="v">56.</subfield>
            </datafield>
            <datafield tag="830" ind1=" " ind2="0">
               <subfield code="a">Alcuin/GROW liturgical study ;</subfield>
               <subfield code="v">8.</subfield>
            </datafield>
            <datafield tag="999" ind1=" " ind2=" ">
               <subfield code="a">BV803.B72 1988</subfield>
               <subfield code="w">LC</subfield>
               <subfield code="c">1</subfield>
               <subfield code="i">000018054248</subfield>
               <subfield code="d">8/15/1991</subfield>
               <subfield code="e">9/24/1991</subfield>
               <subfield code="l">PATTEE-BA</subfield>
               <subfield code="m">UP-PAT</subfield>
               <subfield code="n">1</subfield>
               <subfield code="r">Y</subfield>
               <subfield code="s">Y</subfield>
               <subfield code="t">BOOK</subfield>
               <subfield code="u">4/13/2001</subfield>
            </datafield>
      </record>
    </metadata>
  </record>