
   <record> 
    <header>
      <identifier>oai:cat.libraries.psu.edu:1455621</identifier> 
      <datestamp>2022-12-16</datestamp>
      <setSpec>BOOK</setSpec> 
    </header>
    <metadata>
      <record xmlns="http://www.loc.gov/MARC21/slim" xsi:schemaLocation="http://www.loc.gov/MARC21/slim http://www.loc.gov/standards/marcxml/schema/MARC21slim.xsd" type="Bibliographic">
         <leader>     nam  22      a 4500</leader>
         <controlfield tag="008">931213s1992    xx ab    b    000 0 ger d</controlfield>
            <datafield tag="010" ind1=" " ind2=" ">
               <subfield code="a">   93119848</subfield>
            </datafield>
            <datafield tag="020" ind1=" " ind2=" ">
               <subfield code="a">3719012433</subfield>
            </datafield>
            <datafield tag="035" ind1=" " ind2=" ">
               <subfield code="a">LIAS1736916</subfield>
            </datafield>
            <datafield tag="035" ind1=" " ind2=" ">
               <subfield code="a">(OCoLC)27727950</subfield>
            </datafield>
            <datafield tag="050" ind1="1" ind2="4">
               <subfield code="a">HM258</subfield>
               <subfield code="b">.M57 1992</subfield>
            </datafield>
            <datafield tag="245" ind1="0" ind2="0">
               <subfield code="a">--Mit denen reden wir nicht :</subfield>
               <subfield code="b">Schweigen und Reden im Quartier /</subfield>
               <subfield code="c">Iwar Werlen [and others] ; Nationales Forschungsprogramm 21, Kulturelle Vielfalt und Nationale Identität.</subfield>
            </datafield>
            <datafield tag="264" ind1=" " ind2="1">
               <subfield code="a">Basel :</subfield>
               <subfield code="b">Helbing &amp; Lichtenhahn,</subfield>
               <subfield code="c">1992.</subfield>
            </datafield>
            <datafield tag="300" ind1=" " ind2=" ">
               <subfield code="a">ix, 265 pages :</subfield>
               <subfield code="b">illustrations, map ;</subfield>
               <subfield code="c">23 cm</subfield>
            </datafield>
            <datafield tag="504" ind1=" " ind2=" ">
               <subfield code="a">Includes bibliographical references (pages 247-252).</subfield>
            </datafield>
            <datafield tag="650" ind1=" " ind2="0">
               <subfield code="a">Communication</subfield>
               <subfield code="x">Social aspects</subfield>
               <subfield code="z">Switzerland</subfield>
               <subfield code="z">Bern.</subfield>
            </datafield>
            <datafield tag="650" ind1=" " ind2="0">
               <subfield code="a">Sociolinguistics</subfield>
               <subfield code="z">Switzerland</subfield>
               <subfield code="z">Bern.</subfield>
            </datafield>
            <datafield tag="650" ind1=" " ind2="0">
               <subfield code="a">Conversation.</subfield>
            </datafield>
            <datafield tag="650" ind1=" " ind2="0">
               <subfield code="a">German language</subfield>
               <subfield code="x">Dialects</subfield>
               <subfield code="z">Switzerland</subfield>
               <subfield code="z">Bern.</subfield>
            </datafield>
            <datafield tag="651" ind1=" " ind2="0">
               <subfield code="a">Bern (Switzerland)</subfield>
               <subfield code="x">Social life and customs.</subfield>
            </datafield>
            <datafield tag="700" ind1="1" ind2=" ">
               <subfield code="a">Werlen, Iwar.</subfield>
            </datafield>
            <datafield tag="710" ind1="2" ind2=" ">
               <subfield code="a">Nationales Forschungsprogramm 21--Kulturelle Vielfalt und Nationale Identität.</subfield>
            </datafield>
            <datafield tag="999" ind1=" " ind2=" ">
               <subfield code="a">HM258.M57 1992</subfield>
               <subfield code="w">LC</subfield>
               <subfield code="c">1</subfield>
               <subfield code="i">000021645662</subfield>
               <subfield code="d">12/13/1993</subfield>
               <subfield code="e">2/16/1996</subfield>
               <subfield code="l">PATERNO-2</subfield>
               <subfield code="m">UP-PAT</subfield>
               <subfield code="n">2</subfield>
               <subfield code="r">Y</subfield>
               <subfield code="s">Y</subfield>
               <subfield code="t">BOOK</subfield>
               <subfield code="u">4/13/2001</subfield>
            </datafield>
      </record>
    </metadata>
  </record>