
   <record> 
    <header>
      <identifier>oai:cat.libraries.psu.edu:1455624</identifier> 
      <datestamp>2022-12-16</datestamp>
      <setSpec>BOOK</setSpec> 
    </header>
    <metadata>
      <record xmlns="http://www.loc.gov/MARC21/slim" xsi:schemaLocation="http://www.loc.gov/MARC21/slim http://www.loc.gov/standards/marcxml/schema/MARC21slim.xsd" type="Bibliographic">
         <leader>     nam  22     1  4500</leader>
         <controlfield tag="008">921109s1984    xx a     b    000 0 eng d</controlfield>
            <datafield tag="035" ind1=" " ind2=" ">
               <subfield code="a">LIAS1579756</subfield>
            </datafield>
            <datafield tag="035" ind1=" " ind2=" ">
               <subfield code="a">(OCoLC)15214234</subfield>
            </datafield>
            <datafield tag="050" ind1="1" ind2="4">
               <subfield code="a">S592.14</subfield>
               <subfield code="b">.I584 1984x</subfield>
            </datafield>
            <datafield tag="111" ind1="2" ind2=" ">
               <subfield code="a">International Forum, Soil Taxonomy and Agrotechnology Transfer</subfield>
               <subfield code="n">(9th :</subfield>
               <subfield code="d">1984 :</subfield>
               <subfield code="c">Mangilao, Guam)</subfield>
            </datafield>
            <datafield tag="245" ind1="1" ind2="0">
               <subfield code="a">Proceedings of IX International Forum, Soil Taxonomy and Agrotechnology Transfer :</subfield>
               <subfield code="b">&quot;The role of soil survey in agricultural development&quot; : September 3-14, 1984, Guam /</subfield>
               <subfield code="c">organized by Agricultural Experiment Station, College of Agriculture and Life Sciences, University of Guam, Institute of Natural Resources, the University of the South Pacific, Soil Management Support Services, Soil Conservation Service, U.S. Department of Agriculture ; in collaboration with Agency for International Development (U.S.) [and others].</subfield>
            </datafield>
            <datafield tag="264" ind1=" " ind2="1">
               <subfield code="a">[Place of publication not identified] :</subfield>
               <subfield code="b">[publisher not identified],</subfield>
               <subfield code="c">[1984?]</subfield>
            </datafield>
            <datafield tag="300" ind1=" " ind2=" ">
               <subfield code="a">x, 295 pages :</subfield>
               <subfield code="b">illustrations ;</subfield>
               <subfield code="c">28 cm</subfield>
            </datafield>
            <datafield tag="504" ind1=" " ind2=" ">
               <subfield code="a">Includes bibliographies.</subfield>
            </datafield>
            <datafield tag="650" ind1=" " ind2="0">
               <subfield code="a">Soils</subfield>
               <subfield code="v">Classification</subfield>
               <subfield code="v">Congresses.</subfield>
            </datafield>
            <datafield tag="650" ind1=" " ind2="0">
               <subfield code="a">Soil surveys</subfield>
               <subfield code="v">Congresses.</subfield>
            </datafield>
            <datafield tag="650" ind1=" " ind2="0">
               <subfield code="a">Soils</subfield>
               <subfield code="z">Guam</subfield>
               <subfield code="v">Congresses.</subfield>
            </datafield>
            <datafield tag="710" ind1="2" ind2=" ">
               <subfield code="a">Guam Agricultural Experiment Station.</subfield>
            </datafield>
            <datafield tag="710" ind1="2" ind2=" ">
               <subfield code="a">University of the South Pacific.</subfield>
               <subfield code="b">Institute of Natural Resources.</subfield>
            </datafield>
            <datafield tag="710" ind1="1" ind2=" ">
               <subfield code="a">United States.</subfield>
               <subfield code="b">Soil Management Support Services.</subfield>
            </datafield>
            <datafield tag="740" ind1="0" ind2=" ">
               <subfield code="a">Soil taxonomy and agrotechnology transfer.</subfield>
            </datafield>
            <datafield tag="740" ind1="0" ind2=" ">
               <subfield code="a">Role of soil survey in agricultural development.</subfield>
            </datafield>
            <datafield tag="999" ind1=" " ind2=" ">
               <subfield code="a">S592.14.I584 1984</subfield>
               <subfield code="w">LC</subfield>
               <subfield code="c">1</subfield>
               <subfield code="i">000018310863</subfield>
               <subfield code="d">11/9/1992</subfield>
               <subfield code="e">9/3/1996</subfield>
               <subfield code="l">PATERNO-4</subfield>
               <subfield code="m">UP-PAT</subfield>
               <subfield code="n">4</subfield>
               <subfield code="r">Y</subfield>
               <subfield code="s">Y</subfield>
               <subfield code="t">BOOK</subfield>
               <subfield code="u">4/13/2001</subfield>
            </datafield>
      </record>
    </metadata>
  </record>