
   <record> 
    <header>
      <identifier>oai:cat.libraries.psu.edu:1455630</identifier> 
      <datestamp>2022-12-16</datestamp>
      <setSpec>BOOK</setSpec> 
    </header>
    <metadata>
      <record xmlns="http://www.loc.gov/MARC21/slim" xsi:schemaLocation="http://www.loc.gov/MARC21/slim http://www.loc.gov/standards/marcxml/schema/MARC21slim.xsd" type="Bibliographic">
         <leader>     nam  22      a 4500</leader>
         <controlfield tag="008">960529m19701972xx       b    000 0 eng d</controlfield>
            <datafield tag="010" ind1=" " ind2=" ">
               <subfield code="a">   76108338</subfield>
            </datafield>
            <datafield tag="020" ind1=" " ind2=" ">
               <subfield code="a">3540059318 (v. 2)</subfield>
            </datafield>
            <datafield tag="035" ind1=" " ind2=" ">
               <subfield code="a">LIAS1893449</subfield>
            </datafield>
            <datafield tag="035" ind1=" " ind2=" ">
               <subfield code="a">(OCoLC)65446</subfield>
            </datafield>
            <datafield tag="050" ind1="0" ind2="0">
               <subfield code="a">QA3</subfield>
               <subfield code="b">.L28 no. 114 etc.</subfield>
               <subfield code="a">QA171</subfield>
            </datafield>
            <datafield tag="100" ind1="1" ind2=" ">
               <subfield code="a">Jacquet, Hervé.</subfield>
            </datafield>
            <datafield tag="245" ind1="1" ind2="0">
               <subfield code="a">Automorphic forms on GL (2) /</subfield>
               <subfield code="c">[by] H. Jacquet [and] R. P. Langlands.</subfield>
            </datafield>
            <datafield tag="264" ind1=" " ind2="1">
               <subfield code="a">Berlin ;</subfield>
               <subfield code="a">New York :</subfield>
               <subfield code="b">Springer-Verlag,</subfield>
               <subfield code="c">1970-1972.</subfield>
            </datafield>
            <datafield tag="300" ind1=" " ind2=" ">
               <subfield code="a">2 volumes ;</subfield>
               <subfield code="c">26 cm.</subfield>
            </datafield>
            <datafield tag="490" ind1="1" ind2=" ">
               <subfield code="a">Lecture notes in mathematics, 114, 278</subfield>
            </datafield>
            <datafield tag="500" ind1=" " ind2=" ">
               <subfield code="a">Vol. 2 by Jervé Jacquet.</subfield>
            </datafield>
            <datafield tag="504" ind1=" " ind2=" ">
               <subfield code="a">Includes bibliographical references.</subfield>
            </datafield>
            <datafield tag="650" ind1=" " ind2="0">
               <subfield code="a">Group theory.</subfield>
            </datafield>
            <datafield tag="650" ind1=" " ind2="0">
               <subfield code="a">Representations of groups.</subfield>
            </datafield>
            <datafield tag="650" ind1=" " ind2="0">
               <subfield code="a">Dirichlet series.</subfield>
            </datafield>
            <datafield tag="650" ind1=" " ind2="0">
               <subfield code="a">Automorphic forms.</subfield>
            </datafield>
            <datafield tag="700" ind1="1" ind2=" ">
               <subfield code="a">Langlands, Robert P.,</subfield>
               <subfield code="d">1936-</subfield>
            </datafield>
            <datafield tag="830" ind1=" " ind2="0">
               <subfield code="a">Lecture notes in mathematics (Springer-Verlag) ;</subfield>
               <subfield code="v">114, etc.</subfield>
            </datafield>
            <datafield tag="999" ind1=" " ind2=" ">
               <subfield code="a">QA171.J33 1970 pt.1</subfield>
               <subfield code="w">LC</subfield>
               <subfield code="c">2</subfield>
               <subfield code="i">000003567180</subfield>
               <subfield code="d">9/18/2011</subfield>
               <subfield code="e">7/14/2011</subfield>
               <subfield code="l">STACKS-PM</subfield>
               <subfield code="m">UP-PAMS</subfield>
               <subfield code="n">30</subfield>
               <subfield code="r">Y</subfield>
               <subfield code="s">Y</subfield>
               <subfield code="t">BOOK</subfield>
               <subfield code="u">4/13/2001</subfield>
            </datafield>
            <datafield tag="999" ind1=" " ind2=" ">
               <subfield code="a">QA3.L28 no.278</subfield>
               <subfield code="w">LC</subfield>
               <subfield code="c">1</subfield>
               <subfield code="i">000024345224</subfield>
               <subfield code="d">6/23/2014</subfield>
               <subfield code="e">5/10/2014</subfield>
               <subfield code="l">CATO-2</subfield>
               <subfield code="m">UP-ANNEX</subfield>
               <subfield code="n">3</subfield>
               <subfield code="r">Y</subfield>
               <subfield code="s">Y</subfield>
               <subfield code="t">BOOK</subfield>
               <subfield code="u">4/13/2001</subfield>
               <subfield code="z">6465</subfield>
            </datafield>
      </record>
    </metadata>
  </record>