
   <record> 
    <header>
      <identifier>oai:cat.libraries.psu.edu:1455631</identifier> 
      <datestamp>2022-12-16</datestamp>
      <setSpec>BOOK</setSpec> 
      <setSpec>BOOKFLOAT</setSpec> 
    </header>
    <metadata>
      <record xmlns="http://www.loc.gov/MARC21/slim" xsi:schemaLocation="http://www.loc.gov/MARC21/slim http://www.loc.gov/standards/marcxml/schema/MARC21slim.xsd" type="Bibliographic">
         <leader>     nam  22     1a 4500</leader>
         <controlfield tag="008">971210t19971997xxua         s000 0 eng d</controlfield>
            <datafield tag="010" ind1=" " ind2=" ">
               <subfield code="a">   97016235</subfield>
            </datafield>
            <datafield tag="020" ind1=" " ind2=" ">
               <subfield code="a">0807122289 (cloth : alk. paper)</subfield>
            </datafield>
            <datafield tag="035" ind1=" " ind2=" ">
               <subfield code="a">LIAS2053434</subfield>
            </datafield>
            <datafield tag="035" ind1=" " ind2=" ">
               <subfield code="a">(OCoLC)36783835</subfield>
            </datafield>
            <datafield tag="050" ind1="0" ind2="0">
               <subfield code="a">F379.N562</subfield>
               <subfield code="b">A2 1997</subfield>
            </datafield>
            <datafield tag="100" ind1="1" ind2=" ">
               <subfield code="a">Clark, Sandra Russell.</subfield>
            </datafield>
            <datafield tag="245" ind1="1" ind2="0">
               <subfield code="a">Elysium :</subfield>
               <subfield code="b">a gathering of souls : New Orleans cemeteries /</subfield>
               <subfield code="c">photographs by Sandra Russell Clark ; with a foreword by Andrei Codrescu and andintroduction by Patricia Brady.</subfield>
            </datafield>
            <datafield tag="264" ind1=" " ind2="1">
               <subfield code="a">Baton Rouge :</subfield>
               <subfield code="b">Louisiana State University Press,</subfield>
               <subfield code="c">[1997]</subfield>
            </datafield>
            <datafield tag="264" ind1=" " ind2="4">
               <subfield code="c">©1997</subfield>
            </datafield>
            <datafield tag="300" ind1=" " ind2=" ">
               <subfield code="a">114 pages :</subfield>
               <subfield code="b">chiefly illustrations ;</subfield>
               <subfield code="c">32 cm</subfield>
            </datafield>
            <datafield tag="650" ind1=" " ind2="0">
               <subfield code="a">Cemeteries</subfield>
               <subfield code="z">Louisiana</subfield>
               <subfield code="z">New Orleans</subfield>
               <subfield code="v">Pictorial works.</subfield>
            </datafield>
            <datafield tag="651" ind1=" " ind2="0">
               <subfield code="a">New Orleans (La.)</subfield>
               <subfield code="v">Pictorial works.</subfield>
            </datafield>
            <datafield tag="999" ind1=" " ind2=" ">
               <subfield code="a">F379.N562A2 1997 Q</subfield>
               <subfield code="w">LC</subfield>
               <subfield code="c">1</subfield>
               <subfield code="i">000032323290</subfield>
               <subfield code="d">9/1/2006</subfield>
               <subfield code="e">7/6/2006</subfield>
               <subfield code="l">OVERSIZEPA</subfield>
               <subfield code="m">UP-PAT</subfield>
               <subfield code="n">3</subfield>
               <subfield code="r">Y</subfield>
               <subfield code="s">Y</subfield>
               <subfield code="t">BOOK</subfield>
               <subfield code="u">4/13/2001</subfield>
            </datafield>
            <datafield tag="999" ind1=" " ind2=" ">
               <subfield code="a">F379.N562A2 1997</subfield>
               <subfield code="w">LC</subfield>
               <subfield code="c">1</subfield>
               <subfield code="i">000032427264</subfield>
               <subfield code="d">3/13/2017</subfield>
               <subfield code="e">12/12/2016</subfield>
               <subfield code="l">STACKS-YK</subfield>
               <subfield code="m">YORK</subfield>
               <subfield code="n">3</subfield>
               <subfield code="r">Y</subfield>
               <subfield code="s">Y</subfield>
               <subfield code="t">BOOKFLOAT</subfield>
               <subfield code="u">4/13/2001</subfield>
            </datafield>
      </record>
    </metadata>
  </record>