
   <record> 
    <header>
      <identifier>oai:cat.libraries.psu.edu:1455633</identifier> 
      <datestamp>2022-12-16</datestamp>
      <setSpec>BOOKFLOAT</setSpec> 
    </header>
    <metadata>
      <record xmlns="http://www.loc.gov/MARC21/slim" xsi:schemaLocation="http://www.loc.gov/MARC21/slim http://www.loc.gov/standards/marcxml/schema/MARC21slim.xsd" type="Bibliographic">
         <leader>     nam  22      a 4500</leader>
         <controlfield tag="008">931213t19931993xxuab    b    000 0deng d</controlfield>
            <datafield tag="010" ind1=" " ind2=" ">
               <subfield code="a">   92044170</subfield>
            </datafield>
            <datafield tag="020" ind1=" " ind2=" ">
               <subfield code="a">0805791108 (alk. paper)</subfield>
            </datafield>
            <datafield tag="020" ind1=" " ind2=" ">
               <subfield code="a">0805791337 (pbk. : alk. paper)</subfield>
            </datafield>
            <datafield tag="035" ind1=" " ind2=" ">
               <subfield code="a">LIAS1736919</subfield>
            </datafield>
            <datafield tag="035" ind1=" " ind2=" ">
               <subfield code="a">(OCoLC)27173055</subfield>
            </datafield>
            <datafield tag="050" ind1="0" ind2="0">
               <subfield code="a">TC557.5.H6</subfield>
               <subfield code="b">D86 1993</subfield>
            </datafield>
            <datafield tag="100" ind1="1" ind2=" ">
               <subfield code="a">Dunar, Andrew J.</subfield>
            </datafield>
            <datafield tag="245" ind1="1" ind2="0">
               <subfield code="a">Building Hoover Dam :</subfield>
               <subfield code="b">an oral history of the Great Depression /</subfield>
               <subfield code="c">Andrew J. Dunar, Dennis McBride.</subfield>
            </datafield>
            <datafield tag="264" ind1=" " ind2="1">
               <subfield code="a">New York :</subfield>
               <subfield code="b">Twayne Publishers ;</subfield>
               <subfield code="a">Toronto :</subfield>
               <subfield code="b">Maxwell Macmillan Canada ;</subfield>
               <subfield code="a">New York :</subfield>
               <subfield code="b">Maxwell Macmillan International,</subfield>
               <subfield code="c">[1993]</subfield>
            </datafield>
            <datafield tag="264" ind1=" " ind2="4">
               <subfield code="c">©1993</subfield>
            </datafield>
            <datafield tag="300" ind1=" " ind2=" ">
               <subfield code="a">xix, 350 pages :</subfield>
               <subfield code="b">illustrations, map ;</subfield>
               <subfield code="c">25 cm.</subfield>
            </datafield>
            <datafield tag="490" ind1="1" ind2=" ">
               <subfield code="a">Twayne's oral history series ;</subfield>
               <subfield code="v">no. 11</subfield>
            </datafield>
            <datafield tag="504" ind1=" " ind2=" ">
               <subfield code="a">Includes bibliographical references (pages 321-327) and index.</subfield>
            </datafield>
            <datafield tag="650" ind1=" " ind2="0">
               <subfield code="a">Dams</subfield>
               <subfield code="z">Colorado River (Colo.-Mexico)</subfield>
               <subfield code="x">Design and construction</subfield>
               <subfield code="x">History.</subfield>
            </datafield>
            <datafield tag="650" ind1=" " ind2="0">
               <subfield code="a">Construction workers</subfield>
               <subfield code="z">Nevada</subfield>
               <subfield code="z">Boulder City</subfield>
               <subfield code="v">Interviews.</subfield>
            </datafield>
            <datafield tag="650" ind1=" " ind2="0">
               <subfield code="a">Oral history.</subfield>
            </datafield>
            <datafield tag="651" ind1=" " ind2="0">
               <subfield code="a">Hoover Dam (Ariz. and Nev.)</subfield>
               <subfield code="x">History.</subfield>
            </datafield>
            <datafield tag="651" ind1=" " ind2="0">
               <subfield code="a">Boulder City (Nev.)</subfield>
               <subfield code="v">Biography.</subfield>
            </datafield>
            <datafield tag="700" ind1="1" ind2=" ">
               <subfield code="a">McBride, Dennis.</subfield>
            </datafield>
            <datafield tag="830" ind1=" " ind2="0">
               <subfield code="a">Twayne's oral history series ;</subfield>
               <subfield code="v">no. 11.</subfield>
            </datafield>
            <datafield tag="999" ind1=" " ind2=" ">
               <subfield code="a">TC557.5.H6D86 1993</subfield>
               <subfield code="w">LC</subfield>
               <subfield code="c">1</subfield>
               <subfield code="i">000022021991</subfield>
               <subfield code="d">3/17/2010</subfield>
               <subfield code="e">1/15/2010</subfield>
               <subfield code="l">STACKS-HB3</subfield>
               <subfield code="m">HARRISBURG</subfield>
               <subfield code="n">11</subfield>
               <subfield code="r">Y</subfield>
               <subfield code="s">Y</subfield>
               <subfield code="t">BOOKFLOAT</subfield>
               <subfield code="u">4/13/2001</subfield>
            </datafield>
            <datafield tag="999" ind1=" " ind2=" ">
               <subfield code="a">TC557.5.H6D86 1993</subfield>
               <subfield code="w">LC</subfield>
               <subfield code="c">1</subfield>
               <subfield code="i">000026332239</subfield>
               <subfield code="d">4/23/2012</subfield>
               <subfield code="e">3/22/2012</subfield>
               <subfield code="l">STACKS-DE</subfield>
               <subfield code="m">BRANDYWINE</subfield>
               <subfield code="n">6</subfield>
               <subfield code="r">Y</subfield>
               <subfield code="s">Y</subfield>
               <subfield code="t">BOOKFLOAT</subfield>
               <subfield code="u">4/13/2001</subfield>
            </datafield>
      </record>
    </metadata>
  </record>