
   <record> 
    <header>
      <identifier>oai:cat.libraries.psu.edu:1455637</identifier> 
      <datestamp>2022-12-16</datestamp>
      <setSpec>BOOK</setSpec> 
    </header>
    <metadata>
      <record xmlns="http://www.loc.gov/MARC21/slim" xsi:schemaLocation="http://www.loc.gov/MARC21/slim http://www.loc.gov/standards/marcxml/schema/MARC21slim.xsd" type="Bibliographic">
         <leader>     ngm  22     Ia 4500</leader>
         <controlfield tag="008">931213s1993    xx            000 0 eng d</controlfield>
            <datafield tag="035" ind1=" " ind2=" ">
               <subfield code="a">LIAS1736920</subfield>
            </datafield>
            <datafield tag="035" ind1=" " ind2=" ">
               <subfield code="a">(CStRLIN)NHDG93-B25363</subfield>
            </datafield>
            <datafield tag="035" ind1=" " ind2=" ">
               <subfield code="a">(OCoLC)29757820</subfield>
            </datafield>
            <datafield tag="100" ind1="1" ind2=" ">
               <subfield code="a">O'Sullivan, Vincent,</subfield>
               <subfield code="d">1872-1940.</subfield>
            </datafield>
            <datafield tag="240" ind1="1" ind2="0">
               <subfield code="a">Correspondence.</subfield>
               <subfield code="k">Selections</subfield>
            </datafield>
            <datafield tag="245" ind1="1" ind2="0">
               <subfield code="a">Selected letters /</subfield>
               <subfield code="c">Vincent O'Sullivan ; edited with notes by Alan Anderson.</subfield>
            </datafield>
            <datafield tag="264" ind1=" " ind2="3">
               <subfield code="a">Loanhead :</subfield>
               <subfield code="b">Privately printed,</subfield>
               <subfield code="c">1993.</subfield>
            </datafield>
            <datafield tag="300" ind1=" " ind2=" ">
               <subfield code="a">45 pages ;</subfield>
               <subfield code="c">25 cm</subfield>
            </datafield>
            <datafield tag="500" ind1=" " ind2=" ">
               <subfield code="a">Half title: Selected letters of Vincent O'Sullivan.</subfield>
            </datafield>
            <datafield tag="500" ind1=" " ind2=" ">
               <subfield code="a">&quot;Edition limited to fifty copies hand-set in Bembo type and printed on Gainsborough paper at the Tragara Press.&quot;--Colophon.</subfield>
            </datafield>
            <datafield tag="504" ind1=" " ind2=" ">
               <subfield code="a">Includes bibliographical references.</subfield>
            </datafield>
            <datafield tag="600" ind1="1" ind2="0">
               <subfield code="a">O'Sullivan, Vincent,</subfield>
               <subfield code="d">1868-1940</subfield>
               <subfield code="v">Correspondence.</subfield>
            </datafield>
            <datafield tag="650" ind1=" " ind2="0">
               <subfield code="a">Authors, American</subfield>
               <subfield code="y">20th century</subfield>
               <subfield code="v">Correspondence.</subfield>
            </datafield>
            <datafield tag="700" ind1="1" ind2=" ">
               <subfield code="a">Anderson, Alan.</subfield>
            </datafield>
            <datafield tag="740" ind1="0" ind2=" ">
               <subfield code="a">Selected letters of Vincent O'Sullivan.</subfield>
            </datafield>
            <datafield tag="999" ind1=" " ind2=" ">
               <subfield code="a">PS3529.S86Z48 1993</subfield>
               <subfield code="w">LC</subfield>
               <subfield code="c">1</subfield>
               <subfield code="i">000021912344</subfield>
               <subfield code="d">12/21/1993</subfield>
               <subfield code="e">1/14/1994</subfield>
               <subfield code="l">RARE-BOOK</subfield>
               <subfield code="m">UP-SPECCOL</subfield>
               <subfield code="r">Y</subfield>
               <subfield code="s">Y</subfield>
               <subfield code="t">BOOK</subfield>
               <subfield code="u">4/13/2001</subfield>
            </datafield>
      </record>
    </metadata>
  </record>