
   <record> 
    <header>
      <identifier>oai:cat.libraries.psu.edu:1455638</identifier> 
      <datestamp>2022-12-16</datestamp>
      <setSpec>VIDEO</setSpec> 
    </header>
    <metadata>
      <record xmlns="http://www.loc.gov/MARC21/slim" xsi:schemaLocation="http://www.loc.gov/MARC21/slim http://www.loc.gov/standards/marcxml/schema/MARC21slim.xsd" type="Bibliographic">
         <leader>     nas  22     1a 4500</leader>
         <controlfield tag="008">910509s1990    nyu---            vleng d</controlfield>
            <datafield tag="035" ind1=" " ind2=" ">
               <subfield code="a">(OCoLC)23720511</subfield>
            </datafield>
            <datafield tag="245" ind1="0" ind2="0">
               <subfield code="a">Wole Soyinka</subfield>
               <subfield code="h">[videorecording] :</subfield>
               <subfield code="b">a voice of Africa /</subfield>
               <subfield code="c">[produced by] Trans World International ; executive producer, Todd McCormack ; producer, Colin Napthine.</subfield>
            </datafield>
            <datafield tag="264" ind1=" " ind2="1">
               <subfield code="a">New York :</subfield>
               <subfield code="b">International Merchandising Corp.,</subfield>
               <subfield code="c">1990.</subfield>
            </datafield>
            <datafield tag="264" ind1=" " ind2="2">
               <subfield code="a">Pleasantville, N.Y. :</subfield>
               <subfield code="b">Distributed by Sunburst Communications.</subfield>
            </datafield>
            <datafield tag="300" ind1=" " ind2=" ">
               <subfield code="a">1 videocassette :</subfield>
               <subfield code="b">sound, color ;</subfield>
               <subfield code="c">1/2 in. +</subfield>
               <subfield code="e">1 teacher's resource book + 1 student notebook.</subfield>
            </datafield>
            <datafield tag="500" ind1=" " ind2=" ">
               <subfield code="a">&quot;Nobel prize series.&quot;</subfield>
            </datafield>
            <datafield tag="520" ind1=" " ind2=" ">
               <subfield code="a">Introduces the life and art of Nigerian playwright and Nobel laureate Wole Soyinka.</subfield>
            </datafield>
            <datafield tag="538" ind1=" " ind2=" ">
               <subfield code="a">VHS format.</subfield>
            </datafield>
            <datafield tag="600" ind1="1" ind2="0">
               <subfield code="a">Soyinka, Wole.</subfield>
            </datafield>
            <datafield tag="650" ind1=" " ind2="0">
               <subfield code="a">Authors, Nigerian</subfield>
               <subfield code="y">20th century.</subfield>
            </datafield>
            <datafield tag="710" ind1="2" ind2=" ">
               <subfield code="a">Trans World International.</subfield>
            </datafield>
            <datafield tag="710" ind1="2" ind2=" ">
               <subfield code="a">International Merchandising Corporation.</subfield>
            </datafield>
            <datafield tag="710" ind1="2" ind2=" ">
               <subfield code="a">Sunburst Communications (Firm)</subfield>
            </datafield>
            <datafield tag="999" ind1=" " ind2=" ">
               <subfield code="a">XX(1455638.3)</subfield>
               <subfield code="w">LC</subfield>
               <subfield code="c">1</subfield>
               <subfield code="i">000076640209</subfield>
               <subfield code="l">ON-ORDER</subfield>
               <subfield code="m">UP-ARTSHUM</subfield>
               <subfield code="r">Y</subfield>
               <subfield code="s">Y</subfield>
               <subfield code="t">VIDEO</subfield>
               <subfield code="u">2/12/2014</subfield>
            </datafield>
            <datafield tag="999" ind1=" " ind2=" ">
               <subfield code="a">25361 VHS</subfield>
               <subfield code="w">ASIS</subfield>
               <subfield code="c">1</subfield>
               <subfield code="i">000064974330</subfield>
               <subfield code="d">11/6/2013</subfield>
               <subfield code="e">10/31/2013</subfield>
               <subfield code="l">FILM-PSU</subfield>
               <subfield code="m">UP-ANNEX</subfield>
               <subfield code="n">6</subfield>
               <subfield code="r">Y</subfield>
               <subfield code="s">Y</subfield>
               <subfield code="t">VIDEO</subfield>
               <subfield code="u">4/13/2001</subfield>
            </datafield>
      </record>
    </metadata>
  </record>