
   <record> 
    <header>
      <identifier>oai:cat.libraries.psu.edu:1455639</identifier> 
      <datestamp>2022-12-16</datestamp>
      <setSpec>MICROFORM</setSpec> 
      <setSpec>SERIAL</setSpec> 
    </header>
    <metadata>
      <record xmlns="http://www.loc.gov/MARC21/slim" xsi:schemaLocation="http://www.loc.gov/MARC21/slim http://www.loc.gov/standards/marcxml/schema/MARC21slim.xsd" type="Bibliographic">
         <leader>     nam  22     1  4500</leader>
         <controlfield tag="008">910809c19819999dcuau         0    0eng d</controlfield>
            <datafield tag="010" ind1=" " ind2=" ">
               <subfield code="a">   88648995</subfield>
            </datafield>
            <datafield tag="035" ind1=" " ind2=" ">
               <subfield code="a">LIAS1579760</subfield>
            </datafield>
            <datafield tag="035" ind1=" " ind2=" ">
               <subfield code="a">(OCoLC)8247196</subfield>
            </datafield>
            <datafield tag="050" ind1="0" ind2="0">
               <subfield code="a">L11</subfield>
               <subfield code="b">.U54b</subfield>
            </datafield>
            <datafield tag="110" ind1="1" ind2=" ">
               <subfield code="a">United States.</subfield>
               <subfield code="b">Department of Education.</subfield>
            </datafield>
            <datafield tag="245" ind1="1" ind2="0">
               <subfield code="a">Guide to Department of Education programs.</subfield>
            </datafield>
            <datafield tag="246" ind1="1" ind2="0">
               <subfield code="a">Guide to U.S. Department of Education programs</subfield>
            </datafield>
            <datafield tag="264" ind1=" " ind2="1">
               <subfield code="a">Washington, D.C. :</subfield>
               <subfield code="b">The Department,</subfield>
               <subfield code="c">1981-</subfield>
            </datafield>
            <datafield tag="264" ind1=" " ind2="2">
               <subfield code="a">Washington, D.C. :</subfield>
               <subfield code="b">For sale by the Supt. of Docs., U.S. G.P.O.</subfield>
            </datafield>
            <datafield tag="300" ind1=" " ind2=" ">
               <subfield code="a">volumes ;</subfield>
               <subfield code="c">28 cm</subfield>
            </datafield>
            <datafield tag="362" ind1="0" ind2=" ">
               <subfield code="a">1981 -</subfield>
            </datafield>
            <datafield tag="500" ind1=" " ind2=" ">
               <subfield code="a">Some issues have title: Guide to U.S. Department of Education programs.</subfield>
            </datafield>
            <datafield tag="580" ind1=" " ind2=" ">
               <subfield code="a">Originally published as a section of: American education (United States Dept. of Education).</subfield>
            </datafield>
            <datafield tag="610" ind1="1" ind2="0">
               <subfield code="a">United States.</subfield>
               <subfield code="b">Department of Education.</subfield>
            </datafield>
            <datafield tag="780" ind1="0" ind2="0">
               <subfield code="a">United States. Office of Education /</subfield>
               <subfield code="t">Guide to Office of Education programs.</subfield>
            </datafield>
            <datafield tag="787" ind1="1" ind2=" ">
               <subfield code="t">American education (United States. Dept. of Education).</subfield>
            </datafield>
            <datafield tag="999" ind1=" " ind2=" ">
               <subfield code="a">ED 1.10/2:</subfield>
               <subfield code="w">SUDOC</subfield>
               <subfield code="c">1</subfield>
               <subfield code="i">1455639-1001</subfield>
               <subfield code="d">9/8/1995</subfield>
               <subfield code="l">DOC-US</subfield>
               <subfield code="m">UP-PAT</subfield>
               <subfield code="r">Y</subfield>
               <subfield code="s">Y</subfield>
               <subfield code="t">SERIAL</subfield>
               <subfield code="u">4/13/2001</subfield>
            </datafield>
            <datafield tag="999" ind1=" " ind2=" ">
               <subfield code="a">ED 1.10/2:</subfield>
               <subfield code="w">SUDOC</subfield>
               <subfield code="c">2</subfield>
               <subfield code="i">1455639-1002</subfield>
               <subfield code="l">DOC-US</subfield>
               <subfield code="m">UP-PAT</subfield>
               <subfield code="r">Y</subfield>
               <subfield code="s">Y</subfield>
               <subfield code="t">MICROFORM</subfield>
               <subfield code="u">12/18/2003</subfield>
            </datafield>
            <datafield tag="999" ind1=" " ind2=" ">
               <subfield code="a">L11.U54 2007</subfield>
               <subfield code="w">LCPER</subfield>
               <subfield code="c">1</subfield>
               <subfield code="i">000061138094</subfield>
               <subfield code="l">STACKS-HB3</subfield>
               <subfield code="m">HARRISBURG</subfield>
               <subfield code="r">Y</subfield>
               <subfield code="s">Y</subfield>
               <subfield code="t">SERIAL</subfield>
               <subfield code="u">11/27/2007</subfield>
            </datafield>
            <datafield tag="999" ind1=" " ind2=" ">
               <subfield code="a">L11.U54 2008</subfield>
               <subfield code="w">LCPER</subfield>
               <subfield code="c">1</subfield>
               <subfield code="i">000061164673</subfield>
               <subfield code="l">STACKS-HB3</subfield>
               <subfield code="m">HARRISBURG</subfield>
               <subfield code="r">Y</subfield>
               <subfield code="s">Y</subfield>
               <subfield code="t">SERIAL</subfield>
               <subfield code="u">11/20/2008</subfield>
            </datafield>
            <datafield tag="999" ind1=" " ind2=" ">
               <subfield code="a">L11.U54 2010</subfield>
               <subfield code="w">LC</subfield>
               <subfield code="c">1</subfield>
               <subfield code="i">000063484533</subfield>
               <subfield code="l">STACKS-HB3</subfield>
               <subfield code="m">HARRISBURG</subfield>
               <subfield code="r">Y</subfield>
               <subfield code="s">Y</subfield>
               <subfield code="t">SERIAL</subfield>
               <subfield code="u">12/16/2010</subfield>
            </datafield>
      </record>
    </metadata>
  </record>