
   <record> 
    <header>
      <identifier>oai:cat.libraries.psu.edu:145564</identifier> 
      <datestamp>2022-12-16</datestamp>
      <setSpec>BOOK</setSpec> 
    </header>
    <metadata>
      <record xmlns="http://www.loc.gov/MARC21/slim" xsi:schemaLocation="http://www.loc.gov/MARC21/slim http://www.loc.gov/standards/marcxml/schema/MARC21slim.xsd" type="Bibliographic">
         <leader>     nam  22        4500</leader>
         <controlfield tag="008">830126s1942    xx            000 0 eng d</controlfield>
            <datafield tag="035" ind1=" " ind2=" ">
               <subfield code="a">LIAS247831</subfield>
            </datafield>
            <datafield tag="035" ind1=" " ind2=" ">
               <subfield code="a">(OCoLC)2491459</subfield>
            </datafield>
            <datafield tag="100" ind1="1" ind2=" ">
               <subfield code="a">Peterson, Orville C.</subfield>
            </datafield>
            <datafield tag="245" ind1="1" ind2="0">
               <subfield code="a">Governmental responsibility for torts in Minnesota /</subfield>
               <subfield code="c">by Orville C. Peterson ...</subfield>
            </datafield>
            <datafield tag="264" ind1=" " ind2="1">
               <subfield code="a">Minneapolis, Minn. :</subfield>
               <subfield code="b">League of Minnesota municipalities,</subfield>
               <subfield code="c">1942.</subfield>
            </datafield>
            <datafield tag="300" ind1=" " ind2=" ">
               <subfield code="a">1 volume ;</subfield>
               <subfield code="c">26 cm</subfield>
            </datafield>
            <datafield tag="500" ind1=" " ind2=" ">
               <subfield code="a">Variously paged.</subfield>
            </datafield>
            <datafield tag="500" ind1=" " ind2=" ">
               <subfield code="a">&quot;Reprinted from Minnesota law review v. 26, nos. 3 to 7, Feb. to June, 1942&quot;.</subfield>
            </datafield>
            <datafield tag="504" ind1=" " ind2=" ">
               <subfield code="a">Bibliographical footnotes.</subfield>
            </datafield>
            <datafield tag="650" ind1=" " ind2="0">
               <subfield code="a">Torts</subfield>
               <subfield code="z">Minnesota.</subfield>
            </datafield>
            <datafield tag="999" ind1=" " ind2=" ">
               <subfield code="a">352.99Bpe</subfield>
               <subfield code="w">DEWEY</subfield>
               <subfield code="c">1</subfield>
               <subfield code="i">000057643083</subfield>
               <subfield code="d">3/17/1987</subfield>
               <subfield code="l">CATO-PARK</subfield>
               <subfield code="m">UP-ANNEX</subfield>
               <subfield code="r">Y</subfield>
               <subfield code="s">Y</subfield>
               <subfield code="t">BOOK</subfield>
               <subfield code="u">4/12/2001</subfield>
            </datafield>
      </record>
    </metadata>
  </record>