
   <record> 
    <header>
      <identifier>oai:cat.libraries.psu.edu:1455641</identifier> 
      <datestamp>2022-12-16</datestamp>
      <setSpec>BOOKFLOAT</setSpec> 
    </header>
    <metadata>
      <record xmlns="http://www.loc.gov/MARC21/slim" xsi:schemaLocation="http://www.loc.gov/MARC21/slim http://www.loc.gov/standards/marcxml/schema/MARC21slim.xsd" type="Bibliographic">
         <leader>     nam  22     Ia 4500</leader>
         <controlfield tag="008">971210t19981998xxu      b   s000 0 eng d</controlfield>
            <datafield tag="010" ind1=" " ind2=" ">
               <subfield code="a">   97043397</subfield>
            </datafield>
            <datafield tag="020" ind1=" " ind2=" ">
               <subfield code="a">0812216377 (alk. paper)</subfield>
            </datafield>
            <datafield tag="035" ind1=" " ind2=" ">
               <subfield code="a">LIAS2053437</subfield>
            </datafield>
            <datafield tag="035" ind1=" " ind2=" ">
               <subfield code="a">(OCoLC)37890463</subfield>
            </datafield>
            <datafield tag="050" ind1="0" ind2="0">
               <subfield code="a">NA735.B4</subfield>
               <subfield code="b">M8 1997</subfield>
            </datafield>
            <datafield tag="100" ind1="1" ind2=" ">
               <subfield code="a">Murtagh, William J.</subfield>
            </datafield>
            <datafield tag="245" ind1="1" ind2="0">
               <subfield code="a">Moravian architecture and town planning :</subfield>
               <subfield code="b">Bethlehem, Pennsylvania, and other eighteenth-century American settlements /</subfield>
               <subfield code="c">William J. Murtagh ; foreword by Nicholas Adams.</subfield>
            </datafield>
            <datafield tag="250" ind1=" " ind2=" ">
               <subfield code="a">Pbk. ed.</subfield>
            </datafield>
            <datafield tag="264" ind1=" " ind2="1">
               <subfield code="a">Philadelphia :</subfield>
               <subfield code="b">University of Pennsylvania Press,</subfield>
               <subfield code="c">[1998]</subfield>
            </datafield>
            <datafield tag="264" ind1=" " ind2="4">
               <subfield code="c">©1998</subfield>
            </datafield>
            <datafield tag="300" ind1=" " ind2=" ">
               <subfield code="a">145 pages :</subfield>
               <subfield code="b">illustrations, maps ;</subfield>
               <subfield code="c">28 cm.</subfield>
            </datafield>
            <datafield tag="490" ind1="1" ind2=" ">
               <subfield code="a">Pennsylvania paperbacks</subfield>
            </datafield>
            <datafield tag="500" ind1=" " ind2=" ">
               <subfield code="a">Originally published: Chapel Hill : University of North Carolina Press, 1967. With new foreword, bibliography, plates.</subfield>
            </datafield>
            <datafield tag="504" ind1=" " ind2=" ">
               <subfield code="a">Includes bibliographical references (pages 135-140) and index.</subfield>
            </datafield>
            <datafield tag="650" ind1=" " ind2="0">
               <subfield code="a">Moravian architecture</subfield>
               <subfield code="z">Pennsylvania</subfield>
               <subfield code="z">Bethlehem.</subfield>
            </datafield>
            <datafield tag="650" ind1=" " ind2="0">
               <subfield code="a">Architecture</subfield>
               <subfield code="z">Pennsylvania</subfield>
               <subfield code="z">Bethlehem</subfield>
               <subfield code="x">History</subfield>
               <subfield code="y">18th century.</subfield>
            </datafield>
            <datafield tag="650" ind1=" " ind2="0">
               <subfield code="a">Moravian architecture</subfield>
               <subfield code="z">United States.</subfield>
            </datafield>
            <datafield tag="650" ind1=" " ind2="0">
               <subfield code="a">Architecture</subfield>
               <subfield code="z">United States</subfield>
               <subfield code="x">History</subfield>
               <subfield code="y">18th century.</subfield>
            </datafield>
            <datafield tag="650" ind1=" " ind2="0">
               <subfield code="a">City planning</subfield>
               <subfield code="z">United States</subfield>
               <subfield code="x">History</subfield>
               <subfield code="y">18th century.</subfield>
            </datafield>
            <datafield tag="651" ind1=" " ind2="0">
               <subfield code="a">Bethlehem (Pa.)</subfield>
               <subfield code="x">Buildings, structures, etc.</subfield>
            </datafield>
            <datafield tag="830" ind1=" " ind2="0">
               <subfield code="a">Pennsylvania paperbacks.</subfield>
            </datafield>
            <datafield tag="999" ind1=" " ind2=" ">
               <subfield code="a">NA735.B4M8 1998</subfield>
               <subfield code="w">LC</subfield>
               <subfield code="c">1</subfield>
               <subfield code="i">000032880991</subfield>
               <subfield code="d">3/17/2014</subfield>
               <subfield code="e">12/15/2009</subfield>
               <subfield code="l">STACKS-YK</subfield>
               <subfield code="m">YORK</subfield>
               <subfield code="n">9</subfield>
               <subfield code="r">Y</subfield>
               <subfield code="s">Y</subfield>
               <subfield code="t">BOOKFLOAT</subfield>
               <subfield code="u">4/13/2001</subfield>
            </datafield>
      </record>
    </metadata>
  </record>