
   <record> 
    <header>
      <identifier>oai:cat.libraries.psu.edu:1455642</identifier> 
      <datestamp>2022-12-16</datestamp>
      <setSpec>BOOK</setSpec> 
    </header>
    <metadata>
      <record xmlns="http://www.loc.gov/MARC21/slim" xsi:schemaLocation="http://www.loc.gov/MARC21/slim http://www.loc.gov/standards/marcxml/schema/MARC21slim.xsd" type="Bibliographic">
         <leader>     nam  22     1a 4500</leader>
         <controlfield tag="008">931213s1985    xx b     b    000 0 spa d</controlfield>
            <datafield tag="020" ind1=" " ind2=" ">
               <subfield code="a">9688922595</subfield>
            </datafield>
            <datafield tag="035" ind1=" " ind2=" ">
               <subfield code="a">LIAS1736921</subfield>
            </datafield>
            <datafield tag="035" ind1=" " ind2=" ">
               <subfield code="a">(OCoLC)19468922</subfield>
            </datafield>
            <datafield tag="050" ind1="1" ind2="4">
               <subfield code="a">G1545</subfield>
               <subfield code="b">.I5 1985</subfield>
            </datafield>
            <datafield tag="110" ind1="2" ind2=" ">
               <subfield code="a">Instituto Nacional de Estadística, Geografía e Informática (Mexico)</subfield>
            </datafield>
            <datafield tag="245" ind1="1" ind2="0">
               <subfield code="a">Atlas cartográfico histórico, México.</subfield>
            </datafield>
            <datafield tag="250" ind1=" " ind2=" ">
               <subfield code="a">1. ed.</subfield>
            </datafield>
            <datafield tag="255" ind1=" " ind2=" ">
               <subfield code="a">Scales differ.</subfield>
            </datafield>
            <datafield tag="264" ind1=" " ind2="1">
               <subfield code="a">[México, D.F.] :</subfield>
               <subfield code="b">Instituto Nacional de Estadística, Geografía e Informática,</subfield>
               <subfield code="c">1985.</subfield>
            </datafield>
            <datafield tag="300" ind1=" " ind2=" ">
               <subfield code="a">1 atlas (269 pages) :</subfield>
               <subfield code="b">color maps ;</subfield>
               <subfield code="c">45 cm</subfield>
            </datafield>
            <datafield tag="500" ind1=" " ind2=" ">
               <subfield code="a">Reduced reprints of maps originally published 16th-20th century.</subfield>
            </datafield>
            <datafield tag="504" ind1=" " ind2=" ">
               <subfield code="a">Bibliography: page 267.</subfield>
            </datafield>
            <datafield tag="505" ind1="0" ind2=" ">
               <subfield code="a">Códices -- Mundiales -- Continentales -- Costas -- Nacionales -- Regionales -- Locales -- Divisiones territoriales -- Históricos -- Especiales.</subfield>
            </datafield>
            <datafield tag="650" ind1=" " ind2="0">
               <subfield code="a">Cartography</subfield>
               <subfield code="z">Mexico</subfield>
               <subfield code="x">History.</subfield>
            </datafield>
            <datafield tag="650" ind1=" " ind2="0">
               <subfield code="a">Maps</subfield>
               <subfield code="v">Facsimiles.</subfield>
            </datafield>
            <datafield tag="651" ind1=" " ind2="0">
               <subfield code="a">Mexico</subfield>
               <subfield code="v">Maps.</subfield>
            </datafield>
            <datafield tag="999" ind1=" " ind2=" ">
               <subfield code="a">G1545.I5 1985 F</subfield>
               <subfield code="w">LC</subfield>
               <subfield code="c">1</subfield>
               <subfield code="i">000059696087</subfield>
               <subfield code="d">8/1/2014</subfield>
               <subfield code="e">12/14/2009</subfield>
               <subfield code="f">8/1/2014</subfield>
               <subfield code="g">2</subfield>
               <subfield code="l">OVERSIZEMP</subfield>
               <subfield code="m">UP-MAPS</subfield>
               <subfield code="r">Y</subfield>
               <subfield code="s">Y</subfield>
               <subfield code="t">BOOK</subfield>
               <subfield code="u">4/13/2001</subfield>
               <subfield code="o">.STAFF. 1988 printing</subfield>
            </datafield>
      </record>
    </metadata>
  </record>