
   <record> 
    <header>
      <identifier>oai:cat.libraries.psu.edu:1455644</identifier> 
      <datestamp>2022-12-16</datestamp>
      <setSpec>BOOK</setSpec> 
    </header>
    <metadata>
      <record xmlns="http://www.loc.gov/MARC21/slim" xsi:schemaLocation="http://www.loc.gov/MARC21/slim http://www.loc.gov/standards/marcxml/schema/MARC21slim.xsd" type="Bibliographic">
         <leader>     nam  22      a 4500</leader>
         <controlfield tag="008">960419s1994    xx       b    000 0 ger d</controlfield>
            <datafield tag="010" ind1=" " ind2=" ">
               <subfield code="a">   95105417</subfield>
            </datafield>
            <datafield tag="020" ind1=" " ind2=" ">
               <subfield code="a">3789033375</subfield>
            </datafield>
            <datafield tag="035" ind1=" " ind2=" ">
               <subfield code="a">LIAS1893452</subfield>
            </datafield>
            <datafield tag="035" ind1=" " ind2=" ">
               <subfield code="a">(OCoLC)34318515</subfield>
            </datafield>
            <datafield tag="050" ind1="0" ind2="0">
               <subfield code="a">HM22.G3</subfield>
               <subfield code="b">W42444 1994</subfield>
            </datafield>
            <datafield tag="100" ind1="1" ind2=" ">
               <subfield code="a">Cappai, Gabriele,</subfield>
               <subfield code="d">1956-</subfield>
            </datafield>
            <datafield tag="245" ind1="1" ind2="0">
               <subfield code="a">Modernisierung, Wissenschaft, Demokratie :</subfield>
               <subfield code="b">Untersuchungen zur italienischen Rezeption des Werkes von Max Weber /</subfield>
               <subfield code="c">Gabriele Cappai.</subfield>
            </datafield>
            <datafield tag="250" ind1=" " ind2=" ">
               <subfield code="a">1. Aufl.</subfield>
            </datafield>
            <datafield tag="264" ind1=" " ind2="1">
               <subfield code="a">Baden-Baden :</subfield>
               <subfield code="b">Nomos,</subfield>
               <subfield code="c">1994.</subfield>
            </datafield>
            <datafield tag="300" ind1=" " ind2=" ">
               <subfield code="a">203 pages ;</subfield>
               <subfield code="c">23 cm.</subfield>
            </datafield>
            <datafield tag="490" ind1="1" ind2=" ">
               <subfield code="a">Nomos Universitätsschriften. Politik ;</subfield>
               <subfield code="v">Bd. 53</subfield>
            </datafield>
            <datafield tag="504" ind1=" " ind2=" ">
               <subfield code="a">Includes bibliographical references (pages 192-203).</subfield>
            </datafield>
            <datafield tag="600" ind1="1" ind2="0">
               <subfield code="a">Weber, Max,</subfield>
               <subfield code="d">1864-1920</subfield>
               <subfield code="x">Influence.</subfield>
            </datafield>
            <datafield tag="650" ind1=" " ind2="0">
               <subfield code="a">Sociology</subfield>
               <subfield code="z">Germany</subfield>
               <subfield code="x">History.</subfield>
            </datafield>
            <datafield tag="650" ind1=" " ind2="0">
               <subfield code="a">Sociology</subfield>
               <subfield code="z">Italy</subfield>
               <subfield code="x">History.</subfield>
            </datafield>
            <datafield tag="830" ind1=" " ind2="0">
               <subfield code="a">Nomos Universitätsschriften.</subfield>
               <subfield code="p">Politik ;</subfield>
               <subfield code="v">Bd. 53.</subfield>
            </datafield>
            <datafield tag="999" ind1=" " ind2=" ">
               <subfield code="a">HM22.G3W42444 1994</subfield>
               <subfield code="w">LC</subfield>
               <subfield code="c">1</subfield>
               <subfield code="i">000025480054</subfield>
               <subfield code="d">2/25/2011</subfield>
               <subfield code="e">1/14/2011</subfield>
               <subfield code="l">PATERNO-2</subfield>
               <subfield code="m">UP-PAT</subfield>
               <subfield code="n">2</subfield>
               <subfield code="r">Y</subfield>
               <subfield code="s">Y</subfield>
               <subfield code="t">BOOK</subfield>
               <subfield code="u">4/13/2001</subfield>
               <subfield code="o">.STAFF. Digitized Copy Instructions: Do not delete or replace the barcode in this item record. It links to the digitized copy of this volume. If WITHDRAWING the volume or REPLACING a barcode, update the item record to reflect an ONLINE resource. Add a new barcode by adding a second item record. See Access Services Training Bulletin no. 25 for full instructions.</subfield>
            </datafield>
      </record>
    </metadata>
  </record>