
   <record> 
    <header>
      <identifier>oai:cat.libraries.psu.edu:1455647</identifier> 
      <datestamp>2022-12-16</datestamp>
      <setSpec>BOOK</setSpec> 
      <setSpec>BOOKFLOAT</setSpec> 
    </header>
    <metadata>
      <record xmlns="http://www.loc.gov/MARC21/slim" xsi:schemaLocation="http://www.loc.gov/MARC21/slim http://www.loc.gov/standards/marcxml/schema/MARC21slim.xsd" type="Bibliographic">
         <leader>     nam  22        4500</leader>
         <controlfield tag="008">910809t19911991xxua     b    000 0 eng d</controlfield>
            <datafield tag="010" ind1=" " ind2=" ">
               <subfield code="a">   90055204</subfield>
            </datafield>
            <datafield tag="020" ind1=" " ind2=" ">
               <subfield code="a">081440104X</subfield>
            </datafield>
            <datafield tag="035" ind1=" " ind2=" ">
               <subfield code="a">LIAS1579762</subfield>
            </datafield>
            <datafield tag="035" ind1=" " ind2=" ">
               <subfield code="a">(OCoLC)21764174</subfield>
            </datafield>
            <datafield tag="050" ind1="0" ind2="0">
               <subfield code="a">HD9980.5</subfield>
               <subfield code="b">.A53 1991</subfield>
            </datafield>
            <datafield tag="245" ind1="0" ind2="4">
               <subfield code="a">The AMA handbook of marketing for the service industries /</subfield>
               <subfield code="c">Carole A. Congram, editor, Margaret L. Friedman, associate editor.</subfield>
            </datafield>
            <datafield tag="264" ind1=" " ind2="1">
               <subfield code="a">New York, NY :</subfield>
               <subfield code="b">American Management Association,</subfield>
               <subfield code="c">[1991]</subfield>
            </datafield>
            <datafield tag="264" ind1=" " ind2="4">
               <subfield code="c">©1991</subfield>
            </datafield>
            <datafield tag="300" ind1=" " ind2=" ">
               <subfield code="a">xix, 588 pages :</subfield>
               <subfield code="b">illustrations ;</subfield>
               <subfield code="c">27 cm</subfield>
            </datafield>
            <datafield tag="504" ind1=" " ind2=" ">
               <subfield code="a">Includes bibliographical references and index.</subfield>
            </datafield>
            <datafield tag="650" ind1=" " ind2="0">
               <subfield code="a">Service industries</subfield>
               <subfield code="x">Marketing.</subfield>
            </datafield>
            <datafield tag="700" ind1="1" ind2=" ">
               <subfield code="a">Congram, Carole A.</subfield>
            </datafield>
            <datafield tag="700" ind1="1" ind2=" ">
               <subfield code="a">Friedman, Margaret L.</subfield>
            </datafield>
            <datafield tag="710" ind1="2" ind2=" ">
               <subfield code="a">American Management Association.</subfield>
            </datafield>
            <datafield tag="999" ind1=" " ind2=" ">
               <subfield code="a">HD9980.5.A53 1991</subfield>
               <subfield code="w">LC</subfield>
               <subfield code="c">1</subfield>
               <subfield code="i">000019004358</subfield>
               <subfield code="d">2/21/1992</subfield>
               <subfield code="e">3/15/1997</subfield>
               <subfield code="f">6/5/2018</subfield>
               <subfield code="g">1</subfield>
               <subfield code="l">STACKS-BK</subfield>
               <subfield code="m">BERKS</subfield>
               <subfield code="r">Y</subfield>
               <subfield code="s">Y</subfield>
               <subfield code="t">BOOKFLOAT</subfield>
               <subfield code="u">4/13/2001</subfield>
            </datafield>
            <datafield tag="999" ind1=" " ind2=" ">
               <subfield code="a">HD9980.5.A53 1991</subfield>
               <subfield code="w">LC</subfield>
               <subfield code="c">1</subfield>
               <subfield code="i">000016897038</subfield>
               <subfield code="d">2/21/1992</subfield>
               <subfield code="e">6/12/1998</subfield>
               <subfield code="l">STACKS-HB3</subfield>
               <subfield code="m">HARRISBURG</subfield>
               <subfield code="n">4</subfield>
               <subfield code="r">Y</subfield>
               <subfield code="s">Y</subfield>
               <subfield code="t">BOOKFLOAT</subfield>
               <subfield code="u">4/13/2001</subfield>
            </datafield>
            <datafield tag="999" ind1=" " ind2=" ">
               <subfield code="a">HD9980.5.A53 1991</subfield>
               <subfield code="w">LC</subfield>
               <subfield code="c">1</subfield>
               <subfield code="i">000077128058</subfield>
               <subfield code="d">2/6/2017</subfield>
               <subfield code="e">1/11/2017</subfield>
               <subfield code="l">PATERNO-3</subfield>
               <subfield code="m">UP-PAT</subfield>
               <subfield code="n">10</subfield>
               <subfield code="r">Y</subfield>
               <subfield code="s">Y</subfield>
               <subfield code="t">BOOK</subfield>
               <subfield code="u">4/13/2001</subfield>
            </datafield>
            <datafield tag="999" ind1=" " ind2=" ">
               <subfield code="a">HD9980.5.A53 1991</subfield>
               <subfield code="w">LC</subfield>
               <subfield code="c">1</subfield>
               <subfield code="i">000019003863</subfield>
               <subfield code="d">2/21/1992</subfield>
               <subfield code="e">3/15/1997</subfield>
               <subfield code="l">STACKS-BD</subfield>
               <subfield code="m">BEHREND</subfield>
               <subfield code="r">Y</subfield>
               <subfield code="s">Y</subfield>
               <subfield code="t">BOOKFLOAT</subfield>
               <subfield code="u">4/13/2001</subfield>
            </datafield>
      </record>
    </metadata>
  </record>