
   <record> 
    <header>
      <identifier>oai:cat.libraries.psu.edu:1455652</identifier> 
      <datestamp>2022-12-16</datestamp>
      <setSpec>BOOK</setSpec> 
    </header>
    <metadata>
      <record xmlns="http://www.loc.gov/MARC21/slim" xsi:schemaLocation="http://www.loc.gov/MARC21/slim http://www.loc.gov/standards/marcxml/schema/MARC21slim.xsd" type="Bibliographic">
         <leader>     nam  22      a 4500</leader>
         <controlfield tag="008">931213s1993    xx a     bc   000 0 ger d</controlfield>
            <datafield tag="010" ind1=" " ind2=" ">
               <subfield code="a">   93173658</subfield>
            </datafield>
            <datafield tag="020" ind1=" " ind2=" ">
               <subfield code="a">3806210411 (set)</subfield>
            </datafield>
            <datafield tag="035" ind1=" " ind2=" ">
               <subfield code="a">LIAS1736924</subfield>
            </datafield>
            <datafield tag="035" ind1=" " ind2=" ">
               <subfield code="a">(OCoLC)29430026</subfield>
            </datafield>
            <datafield tag="050" ind1="0" ind2="0">
               <subfield code="a">DD801.B23</subfield>
               <subfield code="b">F66 1972 Bd. 14</subfield>
               <subfield code="a">NK4670.7.G32</subfield>
            </datafield>
            <datafield tag="100" ind1="1" ind2=" ">
               <subfield code="a">Landgraf, Eleonore.</subfield>
            </datafield>
            <datafield tag="245" ind1="1" ind2="0">
               <subfield code="a">Ornamentierte Bodenfliesen des Mittelalters in Süd- und Westdeutschland, 1150-1550 /</subfield>
               <subfield code="c">Eleonore Landgraf ; [Herausgeber, Landesdenkmalamt Baden-Württemberg, Archäologische Denkmalpflege].</subfield>
            </datafield>
            <datafield tag="264" ind1=" " ind2="1">
               <subfield code="a">Stuttgart :</subfield>
               <subfield code="b">K. Theiss,</subfield>
               <subfield code="c">1993.</subfield>
            </datafield>
            <datafield tag="300" ind1=" " ind2=" ">
               <subfield code="a">3 volumes :</subfield>
               <subfield code="b">illustrations ;</subfield>
               <subfield code="c">31 cm.</subfield>
            </datafield>
            <datafield tag="490" ind1="1" ind2=" ">
               <subfield code="a">Forschungen und Berichte der Archäologie des Mittelalters in Baden-Württemberg ;</subfield>
               <subfield code="v">Bd. 14</subfield>
            </datafield>
            <datafield tag="500" ind1=" " ind2=" ">
               <subfield code="a">At head of title: Landesdenkmalamt Baden-Württemberg.</subfield>
            </datafield>
            <datafield tag="500" ind1=" " ind2=" ">
               <subfield code="a">Folded map in pocket of vol. 3.</subfield>
            </datafield>
            <datafield tag="504" ind1=" " ind2=" ">
               <subfield code="a">Includes bibliographical references (volume 1, pages 243-266) and indexes.</subfield>
            </datafield>
            <datafield tag="505" ind1="0" ind2=" ">
               <subfield code="a">[1] Textband -- [2] Musterkatalog -- [3] Fundortkatalog.</subfield>
            </datafield>
            <datafield tag="650" ind1=" " ind2="0">
               <subfield code="a">Tiles, Medieval</subfield>
               <subfield code="z">Germany, Southern</subfield>
               <subfield code="v">Catalogs.</subfield>
            </datafield>
            <datafield tag="650" ind1=" " ind2="0">
               <subfield code="a">Tiles</subfield>
               <subfield code="z">Germany, Southern</subfield>
               <subfield code="v">Catalogs.</subfield>
            </datafield>
            <datafield tag="650" ind1=" " ind2="0">
               <subfield code="a">Tiles, Medieval</subfield>
               <subfield code="z">Germany (West)</subfield>
               <subfield code="x">Catalopgs.</subfield>
            </datafield>
            <datafield tag="650" ind1=" " ind2="0">
               <subfield code="a">Tiles</subfield>
               <subfield code="z">Germany (West)</subfield>
               <subfield code="v">Catalogs.</subfield>
            </datafield>
            <datafield tag="710" ind1="2" ind2=" ">
               <subfield code="a">Landesdenkmalamt Baden-Württemberg.</subfield>
               <subfield code="b">Abteilung Archäologische Denkmalpflege.</subfield>
            </datafield>
            <datafield tag="830" ind1=" " ind2="0">
               <subfield code="a">Forschungen und Berichte der Archäologie des Mittelalters in Baden-Württemberg ;</subfield>
               <subfield code="v">Bd. 14.</subfield>
            </datafield>
            <datafield tag="999" ind1=" " ind2=" ">
               <subfield code="a">NK4670.7.G32L36 1993 Bd.1 Q</subfield>
               <subfield code="w">LC</subfield>
               <subfield code="c">1</subfield>
               <subfield code="i">000021645693</subfield>
               <subfield code="d">12/20/1993</subfield>
               <subfield code="e">2/3/1994</subfield>
               <subfield code="l">PATTEE-2</subfield>
               <subfield code="m">UP-PAT</subfield>
               <subfield code="r">Y</subfield>
               <subfield code="s">Y</subfield>
               <subfield code="t">BOOK</subfield>
               <subfield code="u">4/13/2001</subfield>
            </datafield>
            <datafield tag="999" ind1=" " ind2=" ">
               <subfield code="a">NK4670.7.G32L36 1993 Bd.3 Q</subfield>
               <subfield code="w">LC</subfield>
               <subfield code="c">1</subfield>
               <subfield code="i">000021645754</subfield>
               <subfield code="d">12/20/1993</subfield>
               <subfield code="e">2/3/1994</subfield>
               <subfield code="l">PATTEE-2</subfield>
               <subfield code="m">UP-PAT</subfield>
               <subfield code="r">Y</subfield>
               <subfield code="s">Y</subfield>
               <subfield code="t">BOOK</subfield>
               <subfield code="u">4/13/2001</subfield>
            </datafield>
            <datafield tag="999" ind1=" " ind2=" ">
               <subfield code="a">NK4670.7.G32L36 1993 Bd.2 Q</subfield>
               <subfield code="w">LC</subfield>
               <subfield code="c">1</subfield>
               <subfield code="i">000021645631</subfield>
               <subfield code="d">12/20/1993</subfield>
               <subfield code="e">2/3/1994</subfield>
               <subfield code="l">PATTEE-2</subfield>
               <subfield code="m">UP-PAT</subfield>
               <subfield code="r">Y</subfield>
               <subfield code="s">Y</subfield>
               <subfield code="t">BOOK</subfield>
               <subfield code="u">4/13/2001</subfield>
            </datafield>
      </record>
    </metadata>
  </record>