
   <record> 
    <header>
      <identifier>oai:cat.libraries.psu.edu:1455658</identifier> 
      <datestamp>2022-12-16</datestamp>
      <setSpec>SCORE</setSpec> 
    </header>
    <metadata>
      <record xmlns="http://www.loc.gov/MARC21/slim" xsi:schemaLocation="http://www.loc.gov/MARC21/slim http://www.loc.gov/standards/marcxml/schema/MARC21slim.xsd" type="Bibliographic">
         <leader>     nam  22     8a 4500</leader>
         <controlfield tag="008">971210s1963    xx uuu         n        d</controlfield>
            <datafield tag="010" ind1=" " ind2=" ">
               <subfield code="a">   64038422</subfield>
            </datafield>
            <datafield tag="035" ind1=" " ind2=" ">
               <subfield code="a">LIAS2053441</subfield>
            </datafield>
            <datafield tag="035" ind1=" " ind2=" ">
               <subfield code="a">(OCoLC)18738457</subfield>
            </datafield>
            <datafield tag="050" ind1="0" ind2="0">
               <subfield code="a">M1025</subfield>
               <subfield code="b">.S75 no.4</subfield>
            </datafield>
            <datafield tag="100" ind1="1" ind2=" ">
               <subfield code="a">Spohr, Louis,</subfield>
               <subfield code="d">1784-1859.</subfield>
            </datafield>
            <datafield tag="240" ind1="1" ind2="0">
               <subfield code="a">Concertos,</subfield>
               <subfield code="m">clarinet, orchestra,</subfield>
               <subfield code="n">no. 4, WoO 20,</subfield>
               <subfield code="r">E minor;</subfield>
               <subfield code="o">arranged</subfield>
            </datafield>
            <datafield tag="245" ind1="1" ind2="0">
               <subfield code="a">Konzert Nr. 4, für Klarinette und Orchester, E Moll Ausz. für Klarinette und Klavier</subfield>
               <subfield code="h">[music] /</subfield>
               <subfield code="c">Louis Spohr ; bearbeitet von Carl Rundnagel.</subfield>
            </datafield>
            <datafield tag="264" ind1=" " ind2="1">
               <subfield code="a">Leipzig :</subfield>
               <subfield code="b">Breitkopf &amp; Härtel,</subfield>
               <subfield code="c">[1963]</subfield>
            </datafield>
            <datafield tag="300" ind1=" " ind2=" ">
               <subfield code="a">1 score (29 pages) + 1 part (12 pages) ;</subfield>
               <subfield code="c">34 cm.</subfield>
            </datafield>
            <datafield tag="382" ind1=" " ind2=" ">
               <subfield code="a">clarinet</subfield>
               <subfield code="a">orchestra</subfield>
            </datafield>
            <datafield tag="490" ind1="0" ind2=" ">
               <subfield code="a">Breitkopf &amp; Härtels Bibliotheken für Blas- Schlag- u. a. Instrumente</subfield>
            </datafield>
            <datafield tag="500" ind1=" " ind2=" ">
               <subfield code="a">Publisher's no.: Edition Breitkopf Nr. 4002.</subfield>
            </datafield>
            <datafield tag="500" ind1=" " ind2=" ">
               <subfield code="a">For clarinet and orchestra; acc. arr. for piano.</subfield>
            </datafield>
            <datafield tag="650" ind1=" " ind2="0">
               <subfield code="a">Concertos (Clarinet)</subfield>
               <subfield code="v">Solo with piano.</subfield>
            </datafield>
            <datafield tag="700" ind1="1" ind2=" ">
               <subfield code="a">Rundnagel, Carl,</subfield>
               <subfield code="d">1853-1911.</subfield>
            </datafield>
            <datafield tag="999" ind1=" " ind2=" ">
               <subfield code="a">M1025.S76 no.4 1963 Q</subfield>
               <subfield code="w">LC</subfield>
               <subfield code="c">1</subfield>
               <subfield code="i">000031291880</subfield>
               <subfield code="d">4/20/2022</subfield>
               <subfield code="e">1/11/2022</subfield>
               <subfield code="f">12/3/2015</subfield>
               <subfield code="g">1</subfield>
               <subfield code="l">PATTEE-1A</subfield>
               <subfield code="m">UP-PAT</subfield>
               <subfield code="n">2</subfield>
               <subfield code="r">Y</subfield>
               <subfield code="s">Y</subfield>
               <subfield code="t">SCORE</subfield>
               <subfield code="u">4/13/2001</subfield>
            </datafield>
      </record>
    </metadata>
  </record>