
   <record> 
    <header>
      <identifier>oai:cat.libraries.psu.edu:145566</identifier> 
      <datestamp>2022-12-16</datestamp>
      <setSpec>BOOK</setSpec> 
    </header>
    <metadata>
      <record xmlns="http://www.loc.gov/MARC21/slim" xsi:schemaLocation="http://www.loc.gov/MARC21/slim http://www.loc.gov/standards/marcxml/schema/MARC21slim.xsd" type="Bibliographic">
         <leader>     nam  22      a 4500</leader>
         <controlfield tag="008">830126s1952    xx            000 0 eng d</controlfield>
            <datafield tag="035" ind1=" " ind2=" ">
               <subfield code="a">LIAS247832</subfield>
            </datafield>
            <datafield tag="035" ind1=" " ind2=" ">
               <subfield code="a">(OCoLC)82292301</subfield>
            </datafield>
            <datafield tag="110" ind1="1" ind2=" ">
               <subfield code="a">Scottdale (Pa.).</subfield>
               <subfield code="k">Ordinances, etc.</subfield>
            </datafield>
            <datafield tag="245" ind1="1" ind2="0">
               <subfield code="a">Code of ordinances of the borough of Scottdale.</subfield>
            </datafield>
            <datafield tag="264" ind1=" " ind2="1">
               <subfield code="a">State College, Pa. :</subfield>
               <subfield code="b">Penns Valley Publishers,</subfield>
               <subfield code="c">1952.</subfield>
            </datafield>
            <datafield tag="300" ind1=" " ind2=" ">
               <subfield code="a">170 leaves ;</subfield>
               <subfield code="c">30 cm</subfield>
            </datafield>
            <datafield tag="500" ind1=" " ind2=" ">
               <subfield code="a">Prepared under the supervision of Elizabeth Smedley.</subfield>
            </datafield>
            <datafield tag="583" ind1=" " ind2="1">
               <subfield code="a">committed to retain</subfield>
               <subfield code="c">20170930</subfield>
               <subfield code="d">20430101</subfield>
               <subfield code="f">HathiTrust</subfield>
               <subfield code="u">https://www.hathitrust.org/shared_print_program</subfield>
               <subfield code="5">PSt</subfield>
            </datafield>
            <datafield tag="700" ind1="1" ind2=" ">
               <subfield code="a">Smedley, Elizabeth.</subfield>
            </datafield>
            <datafield tag="999" ind1=" " ind2=" ">
               <subfield code="a">352.99Asc 1952</subfield>
               <subfield code="w">DEWEY</subfield>
               <subfield code="c">1</subfield>
               <subfield code="i">000018611861</subfield>
               <subfield code="d">2/16/2010</subfield>
               <subfield code="e">1/5/2010</subfield>
               <subfield code="l">ACAD-BLDG</subfield>
               <subfield code="m">UP-ANNEX</subfield>
               <subfield code="n">1</subfield>
               <subfield code="r">Y</subfield>
               <subfield code="s">Y</subfield>
               <subfield code="t">BOOK</subfield>
               <subfield code="u">4/12/2001</subfield>
               <subfield code="o">.STAFF. Digitized Copy Instructions: Do not delete or replace the barcode in this item record. It links to the digitized copy of this volume. If WITHDRAWING the volume or REPLACING a barcode, update the item record to reflect an ONLINE resource. Add a new barcode by adding a second item record. See Access Services Training Bulletin no. 25 for full instructions.</subfield>
               <subfield code="o">.STAFF. This item is part of PSUL's commitment to the HathiTrust Shared Print Program. At least one physical copy must be retained in PSUL's holdings until January 1st, 2043.</subfield>
            </datafield>
      </record>
    </metadata>
  </record>