
   <record> 
    <header>
      <identifier>oai:cat.libraries.psu.edu:1455661</identifier> 
      <datestamp>2022-12-16</datestamp>
      <setSpec>BOOK</setSpec> 
    </header>
    <metadata>
      <record xmlns="http://www.loc.gov/MARC21/slim" xsi:schemaLocation="http://www.loc.gov/MARC21/slim http://www.loc.gov/standards/marcxml/schema/MARC21slim.xsd" type="Bibliographic">
         <leader>     nam  22     1  4500</leader>
         <controlfield tag="008">960118s1970    xx       b    000 0 eng d</controlfield>
            <datafield tag="010" ind1=" " ind2=" ">
               <subfield code="a">   79117526</subfield>
            </datafield>
            <datafield tag="035" ind1=" " ind2=" ">
               <subfield code="a">LIAS1893457</subfield>
            </datafield>
            <datafield tag="035" ind1=" " ind2=" ">
               <subfield code="a">(OCoLC)114071</subfield>
            </datafield>
            <datafield tag="050" ind1="0" ind2="0">
               <subfield code="a">QA3</subfield>
               <subfield code="b">.L28 no. 125</subfield>
            </datafield>
            <datafield tag="111" ind1="2" ind2=" ">
               <subfield code="a">Symposium on Automatic Demonstration,</subfield>
               <subfield code="d">(1968 :</subfield>
               <subfield code="c">Versailles)</subfield>
            </datafield>
            <datafield tag="245" ind1="1" ind2="0">
               <subfield code="a">Symposium on Automatic Demonstration /</subfield>
               <subfield code="c">edited by M. Laudet [and others].</subfield>
            </datafield>
            <datafield tag="264" ind1=" " ind2="1">
               <subfield code="a">Berlin ;</subfield>
               <subfield code="a">New York :</subfield>
               <subfield code="b">Springer-Verlag,</subfield>
               <subfield code="c">1970.</subfield>
            </datafield>
            <datafield tag="300" ind1=" " ind2=" ">
               <subfield code="a">310 pages ;</subfield>
               <subfield code="c">26 cm.</subfield>
            </datafield>
            <datafield tag="490" ind1="1" ind2=" ">
               <subfield code="a">Lecture notes in mathematics ;</subfield>
               <subfield code="v">125</subfield>
            </datafield>
            <datafield tag="500" ind1=" " ind2=" ">
               <subfield code="a">English or French.</subfield>
            </datafield>
            <datafield tag="504" ind1=" " ind2=" ">
               <subfield code="a">Includes bibliographies.</subfield>
            </datafield>
            <datafield tag="650" ind1=" " ind2="0">
               <subfield code="a">Automatic theorem proving</subfield>
               <subfield code="v">Congresses.</subfield>
            </datafield>
            <datafield tag="700" ind1="1" ind2=" ">
               <subfield code="a">Laudet, M.,</subfield>
               <subfield code="e">editor.</subfield>
            </datafield>
            <datafield tag="830" ind1=" " ind2="0">
               <subfield code="a">Lecture notes in mathematics (Springer-Verlag) ;</subfield>
               <subfield code="v">125.</subfield>
            </datafield>
            <datafield tag="999" ind1=" " ind2=" ">
               <subfield code="a">QA3.L28 no.125</subfield>
               <subfield code="w">LC</subfield>
               <subfield code="c">1</subfield>
               <subfield code="i">000003567296</subfield>
               <subfield code="d">1/18/1996</subfield>
               <subfield code="e">7/2/1979</subfield>
               <subfield code="l">CATO-2</subfield>
               <subfield code="m">UP-ANNEX</subfield>
               <subfield code="r">Y</subfield>
               <subfield code="s">Y</subfield>
               <subfield code="t">BOOK</subfield>
               <subfield code="u">4/13/2001</subfield>
               <subfield code="z">6423</subfield>
            </datafield>
      </record>
    </metadata>
  </record>