
   <record> 
    <header>
      <identifier>oai:cat.libraries.psu.edu:1455662</identifier> 
      <datestamp>2022-12-16</datestamp>
      <setSpec>JUVENILEBK</setSpec> 
    </header>
    <metadata>
      <record xmlns="http://www.loc.gov/MARC21/slim" xsi:schemaLocation="http://www.loc.gov/MARC21/slim http://www.loc.gov/standards/marcxml/schema/MARC21slim.xsd" type="Bibliographic">
         <leader>     nam  22      a 4500</leader>
         <controlfield tag="008">990329s1968    xxua   j      000 0 eng d</controlfield>
            <datafield tag="010" ind1=" " ind2=" ">
               <subfield code="a">   68025839</subfield>
            </datafield>
            <datafield tag="035" ind1=" " ind2=" ">
               <subfield code="a">LIAS2053442</subfield>
            </datafield>
            <datafield tag="035" ind1=" " ind2=" ">
               <subfield code="a">(OCoLC)444007</subfield>
            </datafield>
            <datafield tag="050" ind1="0" ind2="0">
               <subfield code="a">SF302</subfield>
               <subfield code="b">.M3</subfield>
            </datafield>
            <datafield tag="100" ind1="1" ind2=" ">
               <subfield code="a">McMillan, George.</subfield>
            </datafield>
            <datafield tag="245" ind1="1" ind2="4">
               <subfield code="a">The golden book of horses. /</subfield>
               <subfield code="c">Illustrated by Sam Savitt.</subfield>
            </datafield>
            <datafield tag="264" ind1=" " ind2="1">
               <subfield code="a">New York :</subfield>
               <subfield code="b">Golden Press,</subfield>
               <subfield code="c">[1968]</subfield>
            </datafield>
            <datafield tag="300" ind1=" " ind2=" ">
               <subfield code="a">105 pages :</subfield>
               <subfield code="b">illustrations (part color) ;</subfield>
               <subfield code="c">29 cm</subfield>
            </datafield>
            <datafield tag="520" ind1=" " ind2=" ">
               <subfield code="a">A brief, general history of the horse is followed by specific descriptions of several breeds. Includes information on riding techniques, tack, and horse shows.</subfield>
            </datafield>
            <datafield tag="650" ind1=" " ind2="0">
               <subfield code="a">Horses</subfield>
               <subfield code="v">Juvenile literature.</subfield>
            </datafield>
            <datafield tag="650" ind1=" " ind2="0">
               <subfield code="a">Horsemanship</subfield>
               <subfield code="v">Juvenile literature.</subfield>
            </datafield>
            <datafield tag="650" ind1=" " ind2="0">
               <subfield code="a">Horse shows</subfield>
               <subfield code="v">Juvenile literature.</subfield>
            </datafield>
            <datafield tag="650" ind1=" " ind2="1">
               <subfield code="a">Horses.</subfield>
            </datafield>
            <datafield tag="650" ind1=" " ind2="1">
               <subfield code="a">Horsemanship.</subfield>
            </datafield>
            <datafield tag="650" ind1=" " ind2="1">
               <subfield code="a">Horse shows.</subfield>
            </datafield>
            <datafield tag="700" ind1="1" ind2=" ">
               <subfield code="a">Savitt, Sam,</subfield>
               <subfield code="e">illustrator.</subfield>
            </datafield>
            <datafield tag="999" ind1=" " ind2=" ">
               <subfield code="a">SF302.M3 1968</subfield>
               <subfield code="w">LC</subfield>
               <subfield code="c">1</subfield>
               <subfield code="i">000022242013</subfield>
               <subfield code="d">10/10/2013</subfield>
               <subfield code="e">9/27/2013</subfield>
               <subfield code="l">JUVENIL-ED</subfield>
               <subfield code="m">UP-PAT</subfield>
               <subfield code="n">10</subfield>
               <subfield code="r">Y</subfield>
               <subfield code="s">Y</subfield>
               <subfield code="t">JUVENILEBK</subfield>
               <subfield code="u">4/13/2001</subfield>
            </datafield>
      </record>
    </metadata>
  </record>