
   <record> 
    <header>
      <identifier>oai:cat.libraries.psu.edu:1455663</identifier> 
      <datestamp>2022-12-16</datestamp>
      <setSpec>BOOK</setSpec> 
    </header>
    <metadata>
      <record xmlns="http://www.loc.gov/MARC21/slim" xsi:schemaLocation="http://www.loc.gov/MARC21/slim http://www.loc.gov/standards/marcxml/schema/MARC21slim.xsd" type="Bibliographic">
         <leader>     nam  22      a 4500</leader>
         <controlfield tag="008">910809s1989    xx a     b    000 0 eng d</controlfield>
            <datafield tag="010" ind1=" " ind2=" ">
               <subfield code="a">   90190310</subfield>
            </datafield>
            <datafield tag="020" ind1=" " ind2=" ">
               <subfield code="a">3883397415 :</subfield>
               <subfield code="c">DM44.80</subfield>
            </datafield>
            <datafield tag="035" ind1=" " ind2=" ">
               <subfield code="a">LIAS1579767</subfield>
            </datafield>
            <datafield tag="035" ind1=" " ind2=" ">
               <subfield code="a">(OCoLC)22625662</subfield>
            </datafield>
            <datafield tag="050" ind1="0" ind2="0">
               <subfield code="a">GN357</subfield>
               <subfield code="b">.E96 1989</subfield>
            </datafield>
            <datafield tag="245" ind1="0" ind2="0">
               <subfield code="a">Evolution of culture :</subfield>
               <subfield code="b">proceedings of the international and interdisciplinary symposium, September 19-23, 1988, Loveno di Menaggio, Italy = Evolution der Kultur /</subfield>
               <subfield code="c">edited by Walter A. Koch.</subfield>
            </datafield>
            <datafield tag="246" ind1="3" ind2="1">
               <subfield code="a">Evolution der Kultur</subfield>
            </datafield>
            <datafield tag="264" ind1=" " ind2="1">
               <subfield code="a">Bochum :</subfield>
               <subfield code="b">N. Brockmeyer,</subfield>
               <subfield code="c">1989.</subfield>
            </datafield>
            <datafield tag="300" ind1=" " ind2=" ">
               <subfield code="a">271 pages :</subfield>
               <subfield code="b">illustrations ;</subfield>
               <subfield code="c">21 cm.</subfield>
            </datafield>
            <datafield tag="490" ind1="1" ind2=" ">
               <subfield code="a">BPX ;</subfield>
               <subfield code="v">22</subfield>
            </datafield>
            <datafield tag="500" ind1=" " ind2=" ">
               <subfield code="a">English and Italian.</subfield>
            </datafield>
            <datafield tag="500" ind1=" " ind2=" ">
               <subfield code="a">Papers read at the Symposium &quot;Culture and Evolution,&quot; the Eighth Bochum Colloquy on the Evolution of Culture, sponsored by the Centro Comasco di Semiotica.</subfield>
            </datafield>
            <datafield tag="504" ind1=" " ind2=" ">
               <subfield code="a">Includes bibliographical references and index.</subfield>
            </datafield>
            <datafield tag="650" ind1=" " ind2="0">
               <subfield code="a">Culture</subfield>
               <subfield code="x">Semiotic models</subfield>
               <subfield code="v">Congresses.</subfield>
            </datafield>
            <datafield tag="650" ind1=" " ind2="0">
               <subfield code="a">Semiotics</subfield>
               <subfield code="v">Congresses.</subfield>
            </datafield>
            <datafield tag="650" ind1=" " ind2="0">
               <subfield code="a">Social evolution</subfield>
               <subfield code="v">Congresses.</subfield>
            </datafield>
            <datafield tag="700" ind1="1" ind2=" ">
               <subfield code="a">Koch, Walter A.,</subfield>
               <subfield code="d">1934-</subfield>
            </datafield>
            <datafield tag="710" ind1="2" ind2=" ">
               <subfield code="a">Centro Comasco di semiotica.</subfield>
            </datafield>
            <datafield tag="711" ind1="2" ind2=" ">
               <subfield code="a">Symposium &quot;Culture and Evolution&quot;</subfield>
               <subfield code="d">(1988 :</subfield>
               <subfield code="c">Bochum, Germany)</subfield>
            </datafield>
            <datafield tag="711" ind1="2" ind2=" ">
               <subfield code="a">Bochum Colloquy on the Evolution of Culture</subfield>
               <subfield code="n">(8th :</subfield>
               <subfield code="d">1988)</subfield>
            </datafield>
            <datafield tag="740" ind1="0" ind2=" ">
               <subfield code="a">Evolution der Kultur.</subfield>
            </datafield>
            <datafield tag="830" ind1=" " ind2="0">
               <subfield code="a">BPX ;</subfield>
               <subfield code="v">22.</subfield>
            </datafield>
            <datafield tag="999" ind1=" " ind2=" ">
               <subfield code="a">GN357.E96 1989</subfield>
               <subfield code="w">LC</subfield>
               <subfield code="c">1</subfield>
               <subfield code="i">000018140743</subfield>
               <subfield code="d">8/9/1991</subfield>
               <subfield code="e">12/5/2000</subfield>
               <subfield code="l">PATERNO-2</subfield>
               <subfield code="m">UP-PAT</subfield>
               <subfield code="n">4</subfield>
               <subfield code="p">$44.80</subfield>
               <subfield code="r">Y</subfield>
               <subfield code="s">Y</subfield>
               <subfield code="t">BOOK</subfield>
               <subfield code="u">4/13/2001</subfield>
            </datafield>
      </record>
    </metadata>
  </record>