
   <record> 
    <header>
      <identifier>oai:cat.libraries.psu.edu:1455664</identifier> 
      <datestamp>2022-12-16</datestamp>
      <setSpec>BOOK</setSpec> 
      <setSpec>BOOKFLOAT</setSpec> 
    </header>
    <metadata>
      <record xmlns="http://www.loc.gov/MARC21/slim" xsi:schemaLocation="http://www.loc.gov/MARC21/slim http://www.loc.gov/standards/marcxml/schema/MARC21slim.xsd" type="Bibliographic">
         <leader>     nem  22     Ii 4500</leader>
         <controlfield tag="008">931213s1993    xxu      b    000 0 eng d</controlfield>
            <datafield tag="010" ind1=" " ind2=" ">
               <subfield code="a">   93016547</subfield>
            </datafield>
            <datafield tag="020" ind1=" " ind2=" ">
               <subfield code="a">0810110059 (alk. paper)</subfield>
            </datafield>
            <datafield tag="020" ind1=" " ind2=" ">
               <subfield code="a">081011030X (pbk. : alk. paper)</subfield>
            </datafield>
            <datafield tag="035" ind1=" " ind2=" ">
               <subfield code="a">LIAS1736926</subfield>
            </datafield>
            <datafield tag="035" ind1=" " ind2=" ">
               <subfield code="a">(OCoLC)27684059</subfield>
            </datafield>
            <datafield tag="050" ind1="0" ind2="0">
               <subfield code="a">B3279.H94</subfield>
               <subfield code="b">B4513 1993</subfield>
            </datafield>
            <datafield tag="100" ind1="1" ind2=" ">
               <subfield code="a">Bernet, Rudolf.</subfield>
            </datafield>
            <datafield tag="240" ind1="1" ind2="0">
               <subfield code="a">Edmund Husserl.</subfield>
               <subfield code="l">English</subfield>
            </datafield>
            <datafield tag="245" ind1="1" ind2="3">
               <subfield code="a">An introduction to Husserlian phenomenology /</subfield>
               <subfield code="c">Rudolf Bernet, Iso Kern, Eduard Marbach ; with a foreword by Lester Embree.</subfield>
            </datafield>
            <datafield tag="264" ind1=" " ind2="1">
               <subfield code="a">Evanston, Ill. :</subfield>
               <subfield code="b">Northwestern University Press,</subfield>
               <subfield code="c">1993.</subfield>
            </datafield>
            <datafield tag="300" ind1=" " ind2=" ">
               <subfield code="a">xv, 269 pages ;</subfield>
               <subfield code="c">24 cm.</subfield>
            </datafield>
            <datafield tag="490" ind1="1" ind2=" ">
               <subfield code="a">Northwestern University studies in phenomenology and existential philosophy</subfield>
            </datafield>
            <datafield tag="500" ind1=" " ind2=" ">
               <subfield code="a">Translation of: Edmund Husserl.</subfield>
            </datafield>
            <datafield tag="504" ind1=" " ind2=" ">
               <subfield code="a">Includes bibliographical references (pages 267-269).</subfield>
            </datafield>
            <datafield tag="600" ind1="1" ind2="0">
               <subfield code="a">Husserl, Edmund,</subfield>
               <subfield code="d">1859-1938.</subfield>
            </datafield>
            <datafield tag="650" ind1=" " ind2="0">
               <subfield code="a">Phenomenology.</subfield>
            </datafield>
            <datafield tag="650" ind1=" " ind2="0">
               <subfield code="a">Knowledge, Theory of.</subfield>
            </datafield>
            <datafield tag="700" ind1="1" ind2=" ">
               <subfield code="a">Kern, Iso.</subfield>
            </datafield>
            <datafield tag="700" ind1="1" ind2=" ">
               <subfield code="a">Marbach, Eduard.</subfield>
            </datafield>
            <datafield tag="830" ind1=" " ind2="0">
               <subfield code="a">Northwestern University studies in phenomenology &amp; existential philosophy.</subfield>
            </datafield>
            <datafield tag="999" ind1=" " ind2=" ">
               <subfield code="a">B3279.H94B4513 1993</subfield>
               <subfield code="w">LC</subfield>
               <subfield code="c">1</subfield>
               <subfield code="i">000021730153</subfield>
               <subfield code="d">9/8/2022</subfield>
               <subfield code="e">8/25/2022</subfield>
               <subfield code="l">PATTEE-BA</subfield>
               <subfield code="m">UP-PAT</subfield>
               <subfield code="n">42</subfield>
               <subfield code="r">Y</subfield>
               <subfield code="s">Y</subfield>
               <subfield code="t">BOOK</subfield>
               <subfield code="u">4/13/2001</subfield>
            </datafield>
            <datafield tag="999" ind1=" " ind2=" ">
               <subfield code="a">B3279.H94B4513 1993</subfield>
               <subfield code="w">LC</subfield>
               <subfield code="c">1</subfield>
               <subfield code="i">000024503594</subfield>
               <subfield code="d">1/11/2016</subfield>
               <subfield code="e">12/16/2015</subfield>
               <subfield code="f">5/27/2009</subfield>
               <subfield code="g">1</subfield>
               <subfield code="l">STACKS-HN</subfield>
               <subfield code="m">HAZLETON</subfield>
               <subfield code="n">8</subfield>
               <subfield code="r">Y</subfield>
               <subfield code="s">Y</subfield>
               <subfield code="t">BOOKFLOAT</subfield>
               <subfield code="u">4/13/2001</subfield>
            </datafield>
      </record>
    </metadata>
  </record>