
   <record> 
    <header>
      <identifier>oai:cat.libraries.psu.edu:1455665</identifier> 
      <datestamp>2022-12-16</datestamp>
      <setSpec>MAP</setSpec> 
    </header>
    <metadata>
      <record xmlns="http://www.loc.gov/MARC21/slim" xsi:schemaLocation="http://www.loc.gov/MARC21/slim http://www.loc.gov/standards/marcxml/schema/MARC21slim.xsd" type="Bibliographic">
         <leader>     nam  22     Ia 4500</leader>
         <controlfield tag="008">960118t19941977pau       a     1   eng d</controlfield>
            <datafield tag="035" ind1=" " ind2=" ">
               <subfield code="a">(OCoLC)77893097</subfield>
            </datafield>
            <datafield tag="050" ind1=" " ind2="4">
               <subfield code="a">G3824.B75 1994</subfield>
               <subfield code="b">.R6</subfield>
            </datafield>
            <datafield tag="100" ind1="1" ind2=" ">
               <subfield code="a">Rose, Ralph A.,</subfield>
               <subfield code="e">cartographer.</subfield>
            </datafield>
            <datafield tag="245" ind1="1" ind2="0">
               <subfield code="a">Bradford area, indexed street &amp; road map :</subfield>
               <subfield code="b">Bradford, Pennsylvania.</subfield>
            </datafield>
            <datafield tag="246" ind1="3" ind2=" ">
               <subfield code="a">Bradford area, indexed street and road map</subfield>
            </datafield>
            <datafield tag="250" ind1=" " ind2=" ">
               <subfield code="a">3rd revision 12/94.</subfield>
            </datafield>
            <datafield tag="255" ind1=" " ind2=" ">
               <subfield code="a">Scale approximately 1:13,400</subfield>
               <subfield code="c">(W 78°40ʹ36ʺ--W 78°36ʹ22ʺ/N 41°58ʹ47ʺ--N 41°55ʹ43ʺ).</subfield>
            </datafield>
            <datafield tag="255" ind1=" " ind2=" ">
               <subfield code="a">Scale approximately 1:50,000</subfield>
               <subfield code="c">(W 78°43ʹ50ʺ--W 78°31ʹ23ʺ/N 41°59ʹ58ʺ--N 41°51ʹ03ʺ).</subfield>
            </datafield>
            <datafield tag="264" ind1=" " ind2="1">
               <subfield code="a">[Bradford, Pa.] :</subfield>
               <subfield code="b">Bradford Area Chamber of Commerce,</subfield>
               <subfield code="c">[1994]</subfield>
            </datafield>
            <datafield tag="264" ind1=" " ind2="4">
               <subfield code="c">© copyright 1977</subfield>
            </datafield>
            <datafield tag="300" ind1=" " ind2=" ">
               <subfield code="a">2 maps on 1 sheet :</subfield>
               <subfield code="b">both sides, color ;</subfield>
               <subfield code="c">46 x 60 cm and 36 x 39 cm, sheet 49 x 64 cm, folded to 25 x 14 cm</subfield>
            </datafield>
            <datafield tag="500" ind1=" " ind2=" ">
               <subfield code="a">Panel title.</subfield>
            </datafield>
            <datafield tag="500" ind1=" " ind2=" ">
               <subfield code="a">&quot;Reprinted 8/89 by permission of Ralph A. Rose ... Bradford, Pa. 16701 ... 3rd revision 12/94.&quot;</subfield>
            </datafield>
            <datafield tag="500" ind1=" " ind2=" ">
               <subfield code="a">&quot;Note: scale has been disregarded in some sections for greater clarity.&quot;</subfield>
            </datafield>
            <datafield tag="500" ind1=" " ind2=" ">
               <subfield code="a">Both maps indexed.</subfield>
            </datafield>
            <datafield tag="500" ind1=" " ind2=" ">
               <subfield code="a">Includes notes, indexes, inset, location map, illustrations, and indexed advertisements.</subfield>
            </datafield>
            <datafield tag="505" ind1="0" ind2=" ">
               <subfield code="a">Immediate Bradford area, zip code 16701 -- Greater Bradford area.</subfield>
            </datafield>
            <datafield tag="651" ind1=" " ind2="0">
               <subfield code="a">Bradford (Pa.)</subfield>
               <subfield code="v">Maps.</subfield>
            </datafield>
            <datafield tag="651" ind1=" " ind2="0">
               <subfield code="a">Bradford Region (Pa.)</subfield>
               <subfield code="v">Maps.</subfield>
            </datafield>
            <datafield tag="651" ind1=" " ind2="7">
               <subfield code="a">Pennsylvania</subfield>
               <subfield code="z">Bradford.</subfield>
               <subfield code="2">fast</subfield>
               <subfield code="0">(OCoLC)fst01220247</subfield>
            </datafield>
            <datafield tag="651" ind1=" " ind2="7">
               <subfield code="a">Pennsylvania</subfield>
               <subfield code="z">Bradford Region.</subfield>
               <subfield code="2">fast</subfield>
               <subfield code="0">(OCoLC)fst01348766</subfield>
            </datafield>
            <datafield tag="655" ind1=" " ind2="7">
               <subfield code="a">Maps.</subfield>
               <subfield code="2">lcgft</subfield>
            </datafield>
            <datafield tag="655" ind1=" " ind2="7">
               <subfield code="a">Maps.</subfield>
               <subfield code="2">fast</subfield>
               <subfield code="0">(OCoLC)fst01423704</subfield>
            </datafield>
            <datafield tag="710" ind1="2" ind2=" ">
               <subfield code="a">Bradford Area Chamber of Commerce (Bradford, Pa.)</subfield>
            </datafield>
            <datafield tag="999" ind1=" " ind2=" ">
               <subfield code="a">G3824.B75 1994.R6</subfield>
               <subfield code="w">LC</subfield>
               <subfield code="c">1</subfield>
               <subfield code="i">000024987998</subfield>
               <subfield code="d">11/21/2017</subfield>
               <subfield code="e">1/18/1996</subfield>
               <subfield code="f">11/21/2017</subfield>
               <subfield code="g">1</subfield>
               <subfield code="l">MAPS-MP</subfield>
               <subfield code="m">UP-MAPS</subfield>
               <subfield code="r">Y</subfield>
               <subfield code="s">Y</subfield>
               <subfield code="t">MAP</subfield>
               <subfield code="u">4/13/2001</subfield>
            </datafield>
      </record>
    </metadata>
  </record>