
   <record> 
    <header>
      <identifier>oai:cat.libraries.psu.edu:1455667</identifier> 
      <datestamp>2022-12-16</datestamp>
      <setSpec>MAPSPEC</setSpec> 
    </header>
    <metadata>
      <record xmlns="http://www.loc.gov/MARC21/slim" xsi:schemaLocation="http://www.loc.gov/MARC21/slim http://www.loc.gov/standards/marcxml/schema/MARC21slim.xsd" type="Bibliographic">
         <leader>     nam  22     5a 4500</leader>
         <controlfield tag="008">910809r19661941nju       a     0   eng d</controlfield>
            <datafield tag="035" ind1=" " ind2=" ">
               <subfield code="a">(OCoLC)316819477</subfield>
            </datafield>
            <datafield tag="050" ind1="1" ind2="4">
               <subfield code="a">G3701.C5 1941</subfield>
               <subfield code="b">.L6 1966</subfield>
            </datafield>
            <datafield tag="100" ind1="1" ind2=" ">
               <subfield code="a">Lobeck, A. K.</subfield>
               <subfield code="q">(Armin Kohl),</subfield>
               <subfield code="d">1886-1958.</subfield>
            </datafield>
            <datafield tag="245" ind1="1" ind2="0">
               <subfield code="a">Geologic map of the United States /</subfield>
               <subfield code="c">by A.K. Lobeck.</subfield>
            </datafield>
            <datafield tag="255" ind1=" " ind2=" ">
               <subfield code="a">Scale 1:5,000,000</subfield>
               <subfield code="c">(W 79°43ʹ59ʺ--W 79°40ʹ23ʺ/N 41°26ʹ49ʺ--N 41°24ʹ18ʺ)</subfield>
            </datafield>
            <datafield tag="260" ind1=" " ind2=" ">
               <subfield code="a">Maplewood, N.J. :</subfield>
               <subfield code="b">Geographical Press ... a division of Hammond Inc.,</subfield>
               <subfield code="c">[1966]</subfield>
            </datafield>
            <datafield tag="300" ind1=" " ind2=" ">
               <subfield code="a">1 map ;</subfield>
               <subfield code="c">58 x 93 cm</subfield>
            </datafield>
            <datafield tag="500" ind1=" " ind2=" ">
               <subfield code="a">Originally printed 1941. Printings 1948, 1952, 1958, 1965, 1966.</subfield>
            </datafield>
            <datafield tag="500" ind1=" " ind2=" ">
               <subfield code="a">Includes inset of major geophysical divisions.</subfield>
            </datafield>
            <datafield tag="500" ind1=" " ind2=" ">
               <subfield code="a">Text, diagrams, and map of the domes and basins on verso.</subfield>
            </datafield>
            <datafield tag="650" ind1=" " ind2="0">
               <subfield code="a">Geology</subfield>
               <subfield code="z">United States</subfield>
               <subfield code="v">Maps.</subfield>
            </datafield>
            <datafield tag="650" ind1=" " ind2="7">
               <subfield code="a">Geology.</subfield>
               <subfield code="2">fast</subfield>
               <subfield code="0">(OCoLC)fst00940627</subfield>
            </datafield>
            <datafield tag="651" ind1=" " ind2="0">
               <subfield code="a">United States</subfield>
               <subfield code="v">Maps.</subfield>
            </datafield>
            <datafield tag="651" ind1=" " ind2="7">
               <subfield code="a">United States.</subfield>
               <subfield code="2">fast</subfield>
               <subfield code="0">(OCoLC)fst01204155</subfield>
            </datafield>
            <datafield tag="655" ind1=" " ind2="7">
               <subfield code="a">Maps.</subfield>
               <subfield code="2">fast</subfield>
               <subfield code="0">(OCoLC)fst01423704</subfield>
            </datafield>
            <datafield tag="999" ind1=" " ind2=" ">
               <subfield code="a">G3701.C5 1941.L6 1966</subfield>
               <subfield code="w">LC</subfield>
               <subfield code="c">1</subfield>
               <subfield code="i">000017331791</subfield>
               <subfield code="d">7/3/2013</subfield>
               <subfield code="e">6/18/2013</subfield>
               <subfield code="l">MAPS-EM</subfield>
               <subfield code="m">UP-EMS</subfield>
               <subfield code="n">2</subfield>
               <subfield code="r">Y</subfield>
               <subfield code="s">Y</subfield>
               <subfield code="t">MAPSPEC</subfield>
               <subfield code="u">4/13/2001</subfield>
            </datafield>
      </record>
    </metadata>
  </record>