
   <record> 
    <header>
      <identifier>oai:cat.libraries.psu.edu:1455669</identifier> 
      <datestamp>2022-12-16</datestamp>
      <setSpec>BOOK</setSpec> 
    </header>
    <metadata>
      <record xmlns="http://www.loc.gov/MARC21/slim" xsi:schemaLocation="http://www.loc.gov/MARC21/slim http://www.loc.gov/standards/marcxml/schema/MARC21slim.xsd" type="Bibliographic">
         <leader>     ntm  22     1  4500</leader>
         <controlfield tag="008">931213t19921992xx            000 0 eng d</controlfield>
            <datafield tag="035" ind1=" " ind2=" ">
               <subfield code="a">LIAS1736927</subfield>
            </datafield>
            <datafield tag="035" ind1=" " ind2=" ">
               <subfield code="a">(OCoLC)28182258</subfield>
            </datafield>
            <datafield tag="100" ind1="1" ind2=" ">
               <subfield code="a">Mason, Jeremy.</subfield>
            </datafield>
            <datafield tag="245" ind1="1" ind2="0">
               <subfield code="a">Oscar Wilde and The grave of Shelley /</subfield>
               <subfield code="c">with introduction and notes by Jeremy Mason.</subfield>
            </datafield>
            <datafield tag="264" ind1=" " ind2="1">
               <subfield code="a">[Place of publication not identified] :</subfield>
               <subfield code="b">Tragara Press,</subfield>
               <subfield code="c">[1992]</subfield>
            </datafield>
            <datafield tag="264" ind1=" " ind2="4">
               <subfield code="c">©1992</subfield>
            </datafield>
            <datafield tag="300" ind1=" " ind2=" ">
               <subfield code="a">27 unnumbered pages :</subfield>
               <subfield code="b">illustrations (some color), facsimiles, portrait ;</subfield>
               <subfield code="c">28 cm</subfield>
            </datafield>
            <datafield tag="500" ind1=" " ind2=" ">
               <subfield code="a">Limited ed. of 140 copies.</subfield>
            </datafield>
            <datafield tag="500" ind1=" " ind2=" ">
               <subfield code="a">Imprint from colophon.</subfield>
            </datafield>
            <datafield tag="500" ind1=" " ind2=" ">
               <subfield code="a">Includes five drawings (three by J. Mason are hand-colored by artist), two facsims., and two mounted photographs.</subfield>
            </datafield>
            <datafield tag="504" ind1=" " ind2=" ">
               <subfield code="a">Bibliography: page [25].</subfield>
            </datafield>
            <datafield tag="600" ind1="1" ind2="0">
               <subfield code="a">Wilde, Oscar,</subfield>
               <subfield code="d">1854-1900.</subfield>
               <subfield code="t">Grave of Shelley.</subfield>
            </datafield>
            <datafield tag="600" ind1="1" ind2="0">
               <subfield code="a">Wilde, Oscar,</subfield>
               <subfield code="d">1854-1900</subfield>
               <subfield code="x">Travel</subfield>
               <subfield code="z">Italy</subfield>
               <subfield code="z">Rome.</subfield>
            </datafield>
            <datafield tag="600" ind1="1" ind2="0">
               <subfield code="a">Shelley, Percy Bysshe,</subfield>
               <subfield code="d">1792-1822</subfield>
               <subfield code="x">Death and burial.</subfield>
            </datafield>
            <datafield tag="600" ind1="1" ind2="0">
               <subfield code="a">Shelley, Percy Bysshe,</subfield>
               <subfield code="d">1792-1822</subfield>
               <subfield code="x">Tomb</subfield>
               <subfield code="v">Poetry.</subfield>
            </datafield>
            <datafield tag="700" ind1="1" ind2=" ">
               <subfield code="a">Wilde, Oscar,</subfield>
               <subfield code="d">1854-1900.</subfield>
               <subfield code="t">Grave of Shelley.</subfield>
            </datafield>
            <datafield tag="710" ind1="2" ind2=" ">
               <subfield code="a">Tragara Press</subfield>
               <subfield code="e">publisher.</subfield>
            </datafield>
            <datafield tag="999" ind1=" " ind2=" ">
               <subfield code="a">PR5818.G73M37 1992</subfield>
               <subfield code="w">LC</subfield>
               <subfield code="c">1</subfield>
               <subfield code="i">000021912320</subfield>
               <subfield code="d">6/17/1996</subfield>
               <subfield code="e">7/3/1996</subfield>
               <subfield code="l">FINEPRINTG</subfield>
               <subfield code="m">UP-SPECCOL</subfield>
               <subfield code="r">Y</subfield>
               <subfield code="s">Y</subfield>
               <subfield code="t">BOOK</subfield>
               <subfield code="u">4/13/2001</subfield>
            </datafield>
      </record>
    </metadata>
  </record>