
   <record> 
    <header>
      <identifier>oai:cat.libraries.psu.edu:1455674</identifier> 
      <datestamp>2022-12-16</datestamp>
      <setSpec>BOOK</setSpec> 
    </header>
    <metadata>
      <record xmlns="http://www.loc.gov/MARC21/slim" xsi:schemaLocation="http://www.loc.gov/MARC21/slim http://www.loc.gov/standards/marcxml/schema/MARC21slim.xsd" type="Bibliographic">
         <leader>     nam  22        4500</leader>
         <controlfield tag="008">931213t19931993xx            000 0 fre d</controlfield>
            <datafield tag="020" ind1=" " ind2=" ">
               <subfield code="a">2070733572</subfield>
            </datafield>
            <datafield tag="035" ind1=" " ind2=" ">
               <subfield code="a">LIAS1736928</subfield>
            </datafield>
            <datafield tag="035" ind1=" " ind2=" ">
               <subfield code="a">(CStRLIN)NYCGAGZ5467-B</subfield>
            </datafield>
            <datafield tag="035" ind1=" " ind2=" ">
               <subfield code="a">(OCoLC)34564542</subfield>
            </datafield>
            <datafield tag="100" ind1="1" ind2=" ">
               <subfield code="a">Déon, Michel.</subfield>
            </datafield>
            <datafield tag="245" ind1="1" ind2="0">
               <subfield code="a">Pages grecques :</subfield>
               <subfield code="b">le balcon de Spetsai, le rendez-vous de Patmos, Spetsai revisité : récits /</subfield>
               <subfield code="c">Michel Déon.</subfield>
            </datafield>
            <datafield tag="264" ind1=" " ind2="1">
               <subfield code="a">[Paris] :</subfield>
               <subfield code="b">Gallimard,</subfield>
               <subfield code="c">[1993]</subfield>
            </datafield>
            <datafield tag="264" ind1=" " ind2="4">
               <subfield code="c">©1993</subfield>
            </datafield>
            <datafield tag="300" ind1=" " ind2=" ">
               <subfield code="a">545 pages :</subfield>
               <subfield code="b">1 map ;</subfield>
               <subfield code="c">21 cm</subfield>
            </datafield>
            <datafield tag="651" ind1=" " ind2="0">
               <subfield code="a">Greece</subfield>
               <subfield code="x">Description and travel.</subfield>
            </datafield>
            <datafield tag="740" ind1="0" ind2=" ">
               <subfield code="a">Balcon de Spetsai.</subfield>
            </datafield>
            <datafield tag="740" ind1="0" ind2=" ">
               <subfield code="a">Rendez-vous de Patmos.</subfield>
            </datafield>
            <datafield tag="740" ind1="0" ind2=" ">
               <subfield code="a">Spetsai revisité.</subfield>
            </datafield>
            <datafield tag="999" ind1=" " ind2=" ">
               <subfield code="a">DF728.D46 1993</subfield>
               <subfield code="w">LC</subfield>
               <subfield code="c">1</subfield>
               <subfield code="i">000021677472</subfield>
               <subfield code="d">12/14/1993</subfield>
               <subfield code="e">2/2/1994</subfield>
               <subfield code="l">PATTEE-1</subfield>
               <subfield code="m">UP-PAT</subfield>
               <subfield code="r">Y</subfield>
               <subfield code="s">Y</subfield>
               <subfield code="t">BOOK</subfield>
               <subfield code="u">4/13/2001</subfield>
            </datafield>
      </record>
    </metadata>
  </record>