
   <record> 
    <header>
      <identifier>oai:cat.libraries.psu.edu:1455677</identifier> 
      <datestamp>2022-12-16</datestamp>
      <setSpec>MAP</setSpec> 
    </header>
    <metadata>
      <record xmlns="http://www.loc.gov/MARC21/slim" xsi:schemaLocation="http://www.loc.gov/MARC21/slim http://www.loc.gov/standards/marcxml/schema/MARC21slim.xsd" type="Bibliographic">
         <leader>     nam  22     1a 4500</leader>
         <controlfield tag="008">910809s1971    xx        a     0   eng d</controlfield>
            <datafield tag="035" ind1=" " ind2=" ">
               <subfield code="a">(OCoLC)316819479</subfield>
            </datafield>
            <datafield tag="110" ind1="2" ind2=" ">
               <subfield code="a">Survey of Kenya.</subfield>
            </datafield>
            <datafield tag="245" ind1="1" ind2="0">
               <subfield code="a">Kenya. :</subfield>
               <subfield code="b">tourist facilities and communications /</subfield>
               <subfield code="c">drawn and printed by the Survey of Kenya.</subfield>
            </datafield>
            <datafield tag="255" ind1=" " ind2=" ">
               <subfield code="a">Scale 1:3,000,000</subfield>
               <subfield code="c">(E 33°54ʹ00ʺ--E 41°54ʹ00ʺ/N 4°37ʹ00ʺ--S 4°53ʹ00ʺ)</subfield>
            </datafield>
            <datafield tag="260" ind1=" " ind2=" ">
               <subfield code="a">[Place of publication not identified] :</subfield>
               <subfield code="b">[Kenya Government],</subfield>
               <subfield code="c">[1971]</subfield>
            </datafield>
            <datafield tag="300" ind1=" " ind2=" ">
               <subfield code="a">1 map :</subfield>
               <subfield code="b">color</subfield>
            </datafield>
            <datafield tag="651" ind1=" " ind2="0">
               <subfield code="a">Kenya</subfield>
               <subfield code="v">Maps.</subfield>
            </datafield>
            <datafield tag="651" ind1=" " ind2="7">
               <subfield code="a">Kenya.</subfield>
               <subfield code="2">fast</subfield>
               <subfield code="0">(OCoLC)fst01208718</subfield>
            </datafield>
            <datafield tag="655" ind1=" " ind2="7">
               <subfield code="a">Maps.</subfield>
               <subfield code="2">fast</subfield>
               <subfield code="0">(OCoLC)fst01423704</subfield>
            </datafield>
            <datafield tag="999" ind1=" " ind2=" ">
               <subfield code="a">G8411.E635 1971.K4</subfield>
               <subfield code="w">LC</subfield>
               <subfield code="c">1</subfield>
               <subfield code="i">000017315906</subfield>
               <subfield code="d">10/31/2016</subfield>
               <subfield code="e">3/29/1991</subfield>
               <subfield code="f">10/31/2016</subfield>
               <subfield code="g">2</subfield>
               <subfield code="l">MAPS-MP</subfield>
               <subfield code="m">UP-MAPS</subfield>
               <subfield code="n">1</subfield>
               <subfield code="r">Y</subfield>
               <subfield code="s">Y</subfield>
               <subfield code="t">MAP</subfield>
               <subfield code="u">4/13/2001</subfield>
            </datafield>
      </record>
    </metadata>
  </record>