
   <record> 
    <header>
      <identifier>oai:cat.libraries.psu.edu:1455679</identifier> 
      <datestamp>2022-12-16</datestamp>
      <setSpec>SERIAL</setSpec> 
    </header>
    <metadata>
      <record xmlns="http://www.loc.gov/MARC21/slim" xsi:schemaLocation="http://www.loc.gov/MARC21/slim http://www.loc.gov/standards/marcxml/schema/MARC21slim.xsd" type="Bibliographic">
         <leader>     nas  22     1  4500</leader>
         <controlfield tag="008">910809c19709999nmuuu         0    0eng d</controlfield>
            <datafield tag="010" ind1=" " ind2=" ">
               <subfield code="a">sn 90020423</subfield>
            </datafield>
            <datafield tag="035" ind1=" " ind2=" ">
               <subfield code="a">LIAS1579773</subfield>
            </datafield>
            <datafield tag="035" ind1=" " ind2=" ">
               <subfield code="a">(OCoLC)10051384</subfield>
            </datafield>
            <datafield tag="110" ind1="2" ind2=" ">
               <subfield code="a">Southwestern Indian Polytechnic Institute.</subfield>
            </datafield>
            <datafield tag="245" ind1="1" ind2="0">
               <subfield code="a">Catalog /</subfield>
               <subfield code="c">Southwestern Indian Polytechnic Institute.</subfield>
            </datafield>
            <datafield tag="246" ind1="1" ind2="4">
               <subfield code="f">[19__]-1990-91,</subfield>
               <subfield code="a">SIPI ... catalog</subfield>
            </datafield>
            <datafield tag="246" ind1="1" ind2="7">
               <subfield code="f">1990-91?-</subfield>
               <subfield code="a">Southwestern Indian Polytechnic Institute catalog</subfield>
            </datafield>
            <datafield tag="264" ind1=" " ind2="1">
               <subfield code="a">Albuquerque, N.M. :</subfield>
               <subfield code="b">The Institute,</subfield>
               <subfield code="c">[197_]-</subfield>
            </datafield>
            <datafield tag="300" ind1=" " ind2=" ">
               <subfield code="a">volumes :</subfield>
               <subfield code="b">illustrations ;</subfield>
               <subfield code="c">26 cm</subfield>
            </datafield>
            <datafield tag="500" ind1=" " ind2=" ">
               <subfield code="a">&quot;Technical-vocational certificate &amp; associate in applied science degree programs&quot;.</subfield>
            </datafield>
            <datafield tag="610" ind1="2" ind2="0">
               <subfield code="a">Southwestern Indian Polytechnic Institute</subfield>
               <subfield code="x">Curricula.</subfield>
            </datafield>
            <datafield tag="650" ind1=" " ind2="0">
               <subfield code="a">Indians of North America</subfield>
               <subfield code="x">Education.</subfield>
            </datafield>
            <datafield tag="999" ind1=" " ind2=" ">
               <subfield code="a">I 20.66: 1996-97</subfield>
               <subfield code="w">SUDOC</subfield>
               <subfield code="c">1</subfield>
               <subfield code="i">000079858717</subfield>
               <subfield code="d">1/29/1999</subfield>
               <subfield code="l">DOC-US</subfield>
               <subfield code="m">UP-PAT</subfield>
               <subfield code="r">Y</subfield>
               <subfield code="s">Y</subfield>
               <subfield code="t">SERIAL</subfield>
               <subfield code="u">4/13/2001</subfield>
            </datafield>
            <datafield tag="999" ind1=" " ind2=" ">
               <subfield code="a">I 20.66: 1999-2001</subfield>
               <subfield code="w">SUDOC</subfield>
               <subfield code="c">1</subfield>
               <subfield code="i">000079858892</subfield>
               <subfield code="l">DOC-US</subfield>
               <subfield code="m">UP-PAT</subfield>
               <subfield code="r">Y</subfield>
               <subfield code="s">Y</subfield>
               <subfield code="t">SERIAL</subfield>
               <subfield code="u">5/4/2018</subfield>
            </datafield>
            <datafield tag="999" ind1=" " ind2=" ">
               <subfield code="a">I 20.66: 2016-17</subfield>
               <subfield code="w">SUDOC</subfield>
               <subfield code="c">1</subfield>
               <subfield code="i">000079858724</subfield>
               <subfield code="l">DOC-US</subfield>
               <subfield code="m">UP-PAT</subfield>
               <subfield code="r">Y</subfield>
               <subfield code="s">Y</subfield>
               <subfield code="t">SERIAL</subfield>
               <subfield code="u">5/4/2018</subfield>
            </datafield>
      </record>
    </metadata>
  </record>