
   <record> 
    <header>
      <identifier>oai:cat.libraries.psu.edu:145568</identifier> 
      <datestamp>2022-12-16</datestamp>
      <setSpec>SERIAL</setSpec> 
    </header>
    <metadata>
      <record xmlns="http://www.loc.gov/MARC21/slim" xsi:schemaLocation="http://www.loc.gov/MARC21/slim http://www.loc.gov/standards/marcxml/schema/MARC21slim.xsd" type="Bibliographic">
         <leader>     nam  22      a 4500</leader>
         <controlfield tag="008">820315c19609999oncuu         0    0eng d</controlfield>
            <datafield tag="010" ind1=" " ind2=" ">
               <subfield code="a">   86002029</subfield>
            </datafield>
            <datafield tag="022" ind1=" " ind2=" ">
               <subfield code="a">0068-7642</subfield>
            </datafield>
            <datafield tag="035" ind1=" " ind2=" ">
               <subfield code="a">LIAS188579</subfield>
            </datafield>
            <datafield tag="035" ind1=" " ind2=" ">
               <subfield code="a">(OCoLC)1552912</subfield>
            </datafield>
            <datafield tag="130" ind1="0" ind2=" ">
               <subfield code="a">Miscellaneous report (Geological Survey of Canada)</subfield>
            </datafield>
            <datafield tag="245" ind1="1" ind2="0">
               <subfield code="a">Miscellaneous report.</subfield>
            </datafield>
            <datafield tag="264" ind1=" " ind2="1">
               <subfield code="a">Ottawa :</subfield>
               <subfield code="b">The Survey.</subfield>
            </datafield>
            <datafield tag="300" ind1=" " ind2=" ">
               <subfield code="a">volumes :</subfield>
               <subfield code="b">illustrations ;</subfield>
               <subfield code="c">18-28 cm</subfield>
            </datafield>
            <datafield tag="362" ind1="0" ind2=" ">
               <subfield code="a">1 (1960)-</subfield>
            </datafield>
            <datafield tag="515" ind1=" " ind2=" ">
               <subfield code="a">Includes a number published in 1959 with pasted label: Miscellaneous report A.</subfield>
            </datafield>
            <datafield tag="650" ind1=" " ind2="0">
               <subfield code="a">Geology</subfield>
               <subfield code="z">Canada.</subfield>
            </datafield>
            <datafield tag="710" ind1="2" ind2=" ">
               <subfield code="a">Geological Survey of Canada.</subfield>
            </datafield>
            <datafield tag="775" ind1="8" ind2=" ">
               <subfield code="a">Rapport divers (Commission géologique du Canada).</subfield>
            </datafield>
            <datafield tag="999" ind1=" " ind2=" ">
               <subfield code="a">QE185.A44 no.8 v.3</subfield>
               <subfield code="w">LCPER</subfield>
               <subfield code="c">1</subfield>
               <subfield code="i">000012237913</subfield>
               <subfield code="d">9/21/2011</subfield>
               <subfield code="e">8/1/2011</subfield>
               <subfield code="l">CATO-PARK</subfield>
               <subfield code="m">UP-ANNEX</subfield>
               <subfield code="r">Y</subfield>
               <subfield code="s">Y</subfield>
               <subfield code="t">SERIAL</subfield>
               <subfield code="u">4/12/2001</subfield>
               <subfield code="o">.STAFF. Digitized Copy Instructions: Do not delete or replace the barcode in this item record. It links to the digitized copy of this volume. If WITHDRAWING the volume or REPLACING a barcode, update the item record to reflect an ONLINE resource. Add a new barcode by adding a second item record. See Access Services Training Bulletin no. 25 for full instructions.</subfield>
            </datafield>
            <datafield tag="999" ind1=" " ind2=" ">
               <subfield code="a">QE185.A44 no.9</subfield>
               <subfield code="w">LCPER</subfield>
               <subfield code="c">1</subfield>
               <subfield code="i">000012237920</subfield>
               <subfield code="d">9/21/2011</subfield>
               <subfield code="e">8/1/2011</subfield>
               <subfield code="l">CATO-PARK</subfield>
               <subfield code="m">UP-ANNEX</subfield>
               <subfield code="r">Y</subfield>
               <subfield code="s">Y</subfield>
               <subfield code="t">SERIAL</subfield>
               <subfield code="u">4/12/2001</subfield>
               <subfield code="o">.STAFF. Digitized Copy Instructions: Do not delete or replace the barcode in this item record. It links to the digitized copy of this volume. If WITHDRAWING the volume or REPLACING a barcode, update the item record to reflect an ONLINE resource. Add a new barcode by adding a second item record. See Access Services Training Bulletin no. 25 for full instructions.</subfield>
            </datafield>
            <datafield tag="999" ind1=" " ind2=" ">
               <subfield code="a">QE185.A44 no.10</subfield>
               <subfield code="w">LCPER</subfield>
               <subfield code="c">1</subfield>
               <subfield code="i">000012237937</subfield>
               <subfield code="d">9/21/2011</subfield>
               <subfield code="e">8/1/2011</subfield>
               <subfield code="l">CATO-PARK</subfield>
               <subfield code="m">UP-ANNEX</subfield>
               <subfield code="r">Y</subfield>
               <subfield code="s">Y</subfield>
               <subfield code="t">SERIAL</subfield>
               <subfield code="u">4/12/2001</subfield>
               <subfield code="o">.STAFF. Digitized Copy Instructions: Do not delete or replace the barcode in this item record. It links to the digitized copy of this volume. If WITHDRAWING the volume or REPLACING a barcode, update the item record to reflect an ONLINE resource. Add a new barcode by adding a second item record. See Access Services Training Bulletin no. 25 for full instructions.</subfield>
            </datafield>
            <datafield tag="999" ind1=" " ind2=" ">
               <subfield code="a">QE185.A44 no.11</subfield>
               <subfield code="w">LCPER</subfield>
               <subfield code="c">1</subfield>
               <subfield code="i">000012237944</subfield>
               <subfield code="d">9/21/2011</subfield>
               <subfield code="e">8/1/2011</subfield>
               <subfield code="l">CATO-PARK</subfield>
               <subfield code="m">UP-ANNEX</subfield>
               <subfield code="r">Y</subfield>
               <subfield code="s">Y</subfield>
               <subfield code="t">SERIAL</subfield>
               <subfield code="u">4/12/2001</subfield>
               <subfield code="o">.STAFF. Digitized Copy Instructions: Do not delete or replace the barcode in this item record. It links to the digitized copy of this volume. If WITHDRAWING the volume or REPLACING a barcode, update the item record to reflect an ONLINE resource. Add a new barcode by adding a second item record. See Access Services Training Bulletin no. 25 for full instructions.</subfield>
            </datafield>
            <datafield tag="999" ind1=" " ind2=" ">
               <subfield code="a">QE185.A44 no.12</subfield>
               <subfield code="w">LCPER</subfield>
               <subfield code="c">1</subfield>
               <subfield code="i">000012237951</subfield>
               <subfield code="d">9/21/2011</subfield>
               <subfield code="e">8/1/2011</subfield>
               <subfield code="l">CATO-PARK</subfield>
               <subfield code="m">UP-ANNEX</subfield>
               <subfield code="r">Y</subfield>
               <subfield code="s">Y</subfield>
               <subfield code="t">SERIAL</subfield>
               <subfield code="u">4/12/2001</subfield>
               <subfield code="o">.STAFF. Digitized Copy Instructions: Do not delete or replace the barcode in this item record. It links to the digitized copy of this volume. If WITHDRAWING the volume or REPLACING a barcode, update the item record to reflect an ONLINE resource. Add a new barcode by adding a second item record. See Access Services Training Bulletin no. 25 for full instructions.</subfield>
            </datafield>
            <datafield tag="999" ind1=" " ind2=" ">
               <subfield code="a">QE185.A44 no.13</subfield>
               <subfield code="w">LCPER</subfield>
               <subfield code="c">1</subfield>
               <subfield code="i">000012237968</subfield>
               <subfield code="d">9/21/2011</subfield>
               <subfield code="e">8/1/2011</subfield>
               <subfield code="l">CATO-PARK</subfield>
               <subfield code="m">UP-ANNEX</subfield>
               <subfield code="r">Y</subfield>
               <subfield code="s">Y</subfield>
               <subfield code="t">SERIAL</subfield>
               <subfield code="u">4/12/2001</subfield>
               <subfield code="o">.STAFF. Digitized Copy Instructions: Do not delete or replace the barcode in this item record. It links to the digitized copy of this volume. If WITHDRAWING the volume or REPLACING a barcode, update the item record to reflect an ONLINE resource. Add a new barcode by adding a second item record. See Access Services Training Bulletin no. 25 for full instructions.</subfield>
            </datafield>
            <datafield tag="999" ind1=" " ind2=" ">
               <subfield code="a">QE185.A44 no.15</subfield>
               <subfield code="w">LCPER</subfield>
               <subfield code="c">1</subfield>
               <subfield code="i">000012237975</subfield>
               <subfield code="d">9/21/2011</subfield>
               <subfield code="e">8/1/2011</subfield>
               <subfield code="l">CATO-PARK</subfield>
               <subfield code="m">UP-ANNEX</subfield>
               <subfield code="r">Y</subfield>
               <subfield code="s">Y</subfield>
               <subfield code="t">SERIAL</subfield>
               <subfield code="u">4/12/2001</subfield>
               <subfield code="o">.STAFF. Digitized Copy Instructions: Do not delete or replace the barcode in this item record. It links to the digitized copy of this volume. If WITHDRAWING the volume or REPLACING a barcode, update the item record to reflect an ONLINE resource. Add a new barcode by adding a second item record. See Access Services Training Bulletin no. 25 for full instructions.</subfield>
            </datafield>
            <datafield tag="999" ind1=" " ind2=" ">
               <subfield code="a">QE185.A44 no.16 rev.1968</subfield>
               <subfield code="w">LCPER</subfield>
               <subfield code="c">1</subfield>
               <subfield code="i">000012237982</subfield>
               <subfield code="d">9/21/2011</subfield>
               <subfield code="e">8/1/2011</subfield>
               <subfield code="l">CATO-PARK</subfield>
               <subfield code="m">UP-ANNEX</subfield>
               <subfield code="r">Y</subfield>
               <subfield code="s">Y</subfield>
               <subfield code="t">SERIAL</subfield>
               <subfield code="u">4/12/2001</subfield>
               <subfield code="o">.STAFF. Digitized Copy Instructions: Do not delete or replace the barcode in this item record. It links to the digitized copy of this volume. If WITHDRAWING the volume or REPLACING a barcode, update the item record to reflect an ONLINE resource. Add a new barcode by adding a second item record. See Access Services Training Bulletin no. 25 for full instructions.</subfield>
            </datafield>
            <datafield tag="999" ind1=" " ind2=" ">
               <subfield code="a">QE185.A44 no.17-18</subfield>
               <subfield code="w">LCPER</subfield>
               <subfield code="c">1</subfield>
               <subfield code="i">000012237999</subfield>
               <subfield code="d">9/21/2011</subfield>
               <subfield code="e">8/1/2011</subfield>
               <subfield code="l">CATO-PARK</subfield>
               <subfield code="m">UP-ANNEX</subfield>
               <subfield code="r">Y</subfield>
               <subfield code="s">Y</subfield>
               <subfield code="t">SERIAL</subfield>
               <subfield code="u">4/12/2001</subfield>
               <subfield code="o">.STAFF. Digitized Copy Instructions: Do not delete or replace the barcode in this item record. It links to the digitized copy of this volume. If WITHDRAWING the volume or REPLACING a barcode, update the item record to reflect an ONLINE resource. Add a new barcode by adding a second item record. See Access Services Training Bulletin no. 25 for full instructions.</subfield>
            </datafield>
            <datafield tag="999" ind1=" " ind2=" ">
               <subfield code="a">QE185.A44 no.19</subfield>
               <subfield code="w">LCPER</subfield>
               <subfield code="c">1</subfield>
               <subfield code="i">000012238002</subfield>
               <subfield code="d">9/21/2011</subfield>
               <subfield code="e">8/1/2011</subfield>
               <subfield code="l">CATO-PARK</subfield>
               <subfield code="m">UP-ANNEX</subfield>
               <subfield code="r">Y</subfield>
               <subfield code="s">Y</subfield>
               <subfield code="t">SERIAL</subfield>
               <subfield code="u">4/12/2001</subfield>
               <subfield code="o">.STAFF. Digitized Copy Instructions: Do not delete or replace the barcode in this item record. It links to the digitized copy of this volume. If WITHDRAWING the volume or REPLACING a barcode, update the item record to reflect an ONLINE resource. Add a new barcode by adding a second item record. See Access Services Training Bulletin no. 25 for full instructions.</subfield>
            </datafield>
            <datafield tag="999" ind1=" " ind2=" ">
               <subfield code="a">QE185.A44 no.20</subfield>
               <subfield code="w">LCPER</subfield>
               <subfield code="c">1</subfield>
               <subfield code="i">000012238019</subfield>
               <subfield code="d">9/21/2011</subfield>
               <subfield code="e">8/1/2011</subfield>
               <subfield code="l">CATO-PARK</subfield>
               <subfield code="m">UP-ANNEX</subfield>
               <subfield code="r">Y</subfield>
               <subfield code="s">Y</subfield>
               <subfield code="t">SERIAL</subfield>
               <subfield code="u">4/12/2001</subfield>
               <subfield code="o">.STAFF. Digitized Copy Instructions: Do not delete or replace the barcode in this item record. It links to the digitized copy of this volume. If WITHDRAWING the volume or REPLACING a barcode, update the item record to reflect an ONLINE resource. Add a new barcode by adding a second item record. See Access Services Training Bulletin no. 25 for full instructions.</subfield>
            </datafield>
            <datafield tag="999" ind1=" " ind2=" ">
               <subfield code="a">QE185.A44 no.21</subfield>
               <subfield code="w">LCPER</subfield>
               <subfield code="c">1</subfield>
               <subfield code="i">000012238026</subfield>
               <subfield code="d">9/21/2011</subfield>
               <subfield code="e">8/1/2011</subfield>
               <subfield code="l">CATO-PARK</subfield>
               <subfield code="m">UP-ANNEX</subfield>
               <subfield code="r">Y</subfield>
               <subfield code="s">Y</subfield>
               <subfield code="t">SERIAL</subfield>
               <subfield code="u">4/12/2001</subfield>
               <subfield code="o">.STAFF. Digitized Copy Instructions: Do not delete or replace the barcode in this item record. It links to the digitized copy of this volume. If WITHDRAWING the volume or REPLACING a barcode, update the item record to reflect an ONLINE resource. Add a new barcode by adding a second item record. See Access Services Training Bulletin no. 25 for full instructions.</subfield>
            </datafield>
            <datafield tag="999" ind1=" " ind2=" ">
               <subfield code="a">QE185.A44 no.22</subfield>
               <subfield code="w">LCPER</subfield>
               <subfield code="c">1</subfield>
               <subfield code="i">000012238033</subfield>
               <subfield code="d">9/21/2011</subfield>
               <subfield code="e">8/1/2011</subfield>
               <subfield code="l">CATO-PARK</subfield>
               <subfield code="m">UP-ANNEX</subfield>
               <subfield code="r">Y</subfield>
               <subfield code="s">Y</subfield>
               <subfield code="t">SERIAL</subfield>
               <subfield code="u">4/12/2001</subfield>
               <subfield code="o">.STAFF. Digitized Copy Instructions: Do not delete or replace the barcode in this item record. It links to the digitized copy of this volume. If WITHDRAWING the volume or REPLACING a barcode, update the item record to reflect an ONLINE resource. Add a new barcode by adding a second item record. See Access Services Training Bulletin no. 25 for full instructions.</subfield>
            </datafield>
            <datafield tag="999" ind1=" " ind2=" ">
               <subfield code="a">QE185.A44 no.23</subfield>
               <subfield code="w">LCPER</subfield>
               <subfield code="c">1</subfield>
               <subfield code="i">000012238040</subfield>
               <subfield code="d">5/26/2022</subfield>
               <subfield code="e">5/26/2022</subfield>
               <subfield code="k">CHECKEDOUT</subfield>
               <subfield code="l">CATO-PARK</subfield>
               <subfield code="m">UP-ANNEX</subfield>
               <subfield code="n">1</subfield>
               <subfield code="r">M</subfield>
               <subfield code="s">Y</subfield>
               <subfield code="t">SERIAL</subfield>
               <subfield code="u">4/12/2001</subfield>
               <subfield code="o">.STAFF. Digitized Copy Instructions: Do not delete or replace the barcode in this item record. It links to the digitized copy of this volume. If WITHDRAWING the volume or REPLACING a barcode, update the item record to reflect an ONLINE resource. Add a new barcode by adding a second item record. See Access Services Training Bulletin no. 25 for full instructions.</subfield>
            </datafield>
            <datafield tag="999" ind1=" " ind2=" ">
               <subfield code="a">QE185.A44 no.24</subfield>
               <subfield code="w">LCPER</subfield>
               <subfield code="c">1</subfield>
               <subfield code="i">000012238057</subfield>
               <subfield code="d">9/21/2011</subfield>
               <subfield code="e">8/1/2011</subfield>
               <subfield code="l">CATO-PARK</subfield>
               <subfield code="m">UP-ANNEX</subfield>
               <subfield code="n">1</subfield>
               <subfield code="r">Y</subfield>
               <subfield code="s">Y</subfield>
               <subfield code="t">SERIAL</subfield>
               <subfield code="u">4/12/2001</subfield>
               <subfield code="o">.STAFF. Digitized Copy Instructions: Do not delete or replace the barcode in this item record. It links to the digitized copy of this volume. If WITHDRAWING the volume or REPLACING a barcode, update the item record to reflect an ONLINE resource. Add a new barcode by adding a second item record. See Access Services Training Bulletin no. 25 for full instructions.</subfield>
            </datafield>
            <datafield tag="999" ind1=" " ind2=" ">
               <subfield code="a">QE185.A44 no.26</subfield>
               <subfield code="w">LCPER</subfield>
               <subfield code="c">1</subfield>
               <subfield code="i">000012238064</subfield>
               <subfield code="d">9/21/2011</subfield>
               <subfield code="e">8/1/2011</subfield>
               <subfield code="l">CATO-PARK</subfield>
               <subfield code="m">UP-ANNEX</subfield>
               <subfield code="r">Y</subfield>
               <subfield code="s">Y</subfield>
               <subfield code="t">SERIAL</subfield>
               <subfield code="u">4/12/2001</subfield>
               <subfield code="o">.STAFF. Digitized Copy Instructions: Do not delete or replace the barcode in this item record. It links to the digitized copy of this volume. If WITHDRAWING the volume or REPLACING a barcode, update the item record to reflect an ONLINE resource. Add a new barcode by adding a second item record. See Access Services Training Bulletin no. 25 for full instructions.</subfield>
            </datafield>
            <datafield tag="999" ind1=" " ind2=" ">
               <subfield code="a">QE185.A44 no.28</subfield>
               <subfield code="w">LCPER</subfield>
               <subfield code="c">1</subfield>
               <subfield code="i">000012238071</subfield>
               <subfield code="d">9/21/2011</subfield>
               <subfield code="e">8/1/2011</subfield>
               <subfield code="l">CATO-PARK</subfield>
               <subfield code="m">UP-ANNEX</subfield>
               <subfield code="r">Y</subfield>
               <subfield code="s">Y</subfield>
               <subfield code="t">SERIAL</subfield>
               <subfield code="u">4/12/2001</subfield>
               <subfield code="o">.STAFF. Digitized Copy Instructions: Do not delete or replace the barcode in this item record. It links to the digitized copy of this volume. If WITHDRAWING the volume or REPLACING a barcode, update the item record to reflect an ONLINE resource. Add a new barcode by adding a second item record. See Access Services Training Bulletin no. 25 for full instructions.</subfield>
            </datafield>
            <datafield tag="999" ind1=" " ind2=" ">
               <subfield code="a">QE185.A44 no.29</subfield>
               <subfield code="w">LCPER</subfield>
               <subfield code="c">1</subfield>
               <subfield code="i">000012238088</subfield>
               <subfield code="d">9/21/2011</subfield>
               <subfield code="e">8/1/2011</subfield>
               <subfield code="l">CATO-PARK</subfield>
               <subfield code="m">UP-ANNEX</subfield>
               <subfield code="n">2</subfield>
               <subfield code="r">Y</subfield>
               <subfield code="s">Y</subfield>
               <subfield code="t">SERIAL</subfield>
               <subfield code="u">4/12/2001</subfield>
               <subfield code="o">.STAFF. Digitized Copy Instructions: Do not delete or replace the barcode in this item record. It links to the digitized copy of this volume. If WITHDRAWING the volume or REPLACING a barcode, update the item record to reflect an ONLINE resource. Add a new barcode by adding a second item record. See Access Services Training Bulletin no. 25 for full instructions.</subfield>
            </datafield>
            <datafield tag="999" ind1=" " ind2=" ">
               <subfield code="a">QE185.A44 no.30</subfield>
               <subfield code="w">LCPER</subfield>
               <subfield code="c">1</subfield>
               <subfield code="i">000012238095</subfield>
               <subfield code="d">9/21/2011</subfield>
               <subfield code="e">8/1/2011</subfield>
               <subfield code="l">CATO-PARK</subfield>
               <subfield code="m">UP-ANNEX</subfield>
               <subfield code="r">Y</subfield>
               <subfield code="s">Y</subfield>
               <subfield code="t">SERIAL</subfield>
               <subfield code="u">4/12/2001</subfield>
               <subfield code="o">.STAFF. Digitized Copy Instructions: Do not delete or replace the barcode in this item record. It links to the digitized copy of this volume. If WITHDRAWING the volume or REPLACING a barcode, update the item record to reflect an ONLINE resource. Add a new barcode by adding a second item record. See Access Services Training Bulletin no. 25 for full instructions.</subfield>
            </datafield>
            <datafield tag="999" ind1=" " ind2=" ">
               <subfield code="a">QE185.A44 no.31</subfield>
               <subfield code="w">LCPER</subfield>
               <subfield code="c">1</subfield>
               <subfield code="i">000012238101</subfield>
               <subfield code="d">8/10/2011</subfield>
               <subfield code="e">10/9/1986</subfield>
               <subfield code="l">CATO-PARK</subfield>
               <subfield code="m">UP-ANNEX</subfield>
               <subfield code="r">Y</subfield>
               <subfield code="s">Y</subfield>
               <subfield code="t">SERIAL</subfield>
               <subfield code="u">4/12/2001</subfield>
            </datafield>
            <datafield tag="999" ind1=" " ind2=" ">
               <subfield code="a">QE185.A44 no.32</subfield>
               <subfield code="w">LCPER</subfield>
               <subfield code="c">1</subfield>
               <subfield code="i">000012238118</subfield>
               <subfield code="d">9/21/2011</subfield>
               <subfield code="e">8/1/2011</subfield>
               <subfield code="l">CATO-PARK</subfield>
               <subfield code="m">UP-ANNEX</subfield>
               <subfield code="r">Y</subfield>
               <subfield code="s">Y</subfield>
               <subfield code="t">SERIAL</subfield>
               <subfield code="u">4/12/2001</subfield>
               <subfield code="o">.STAFF. Digitized Copy Instructions: Do not delete or replace the barcode in this item record. It links to the digitized copy of this volume. If WITHDRAWING the volume or REPLACING a barcode, update the item record to reflect an ONLINE resource. Add a new barcode by adding a second item record. See Access Services Training Bulletin no. 25 for full instructions.</subfield>
            </datafield>
            <datafield tag="999" ind1=" " ind2=" ">
               <subfield code="a">QE185.A44 no.34</subfield>
               <subfield code="w">LCPER</subfield>
               <subfield code="c">1</subfield>
               <subfield code="i">000012238125</subfield>
               <subfield code="d">9/21/2011</subfield>
               <subfield code="e">8/1/2011</subfield>
               <subfield code="l">CATO-PARK</subfield>
               <subfield code="m">UP-ANNEX</subfield>
               <subfield code="r">Y</subfield>
               <subfield code="s">Y</subfield>
               <subfield code="t">SERIAL</subfield>
               <subfield code="u">4/12/2001</subfield>
               <subfield code="o">.STAFF. Digitized Copy Instructions: Do not delete or replace the barcode in this item record. It links to the digitized copy of this volume. If WITHDRAWING the volume or REPLACING a barcode, update the item record to reflect an ONLINE resource. Add a new barcode by adding a second item record. See Access Services Training Bulletin no. 25 for full instructions.</subfield>
            </datafield>
            <datafield tag="999" ind1=" " ind2=" ">
               <subfield code="a">QE185.A44 no.35</subfield>
               <subfield code="w">LCPER</subfield>
               <subfield code="c">1</subfield>
               <subfield code="i">000012238132</subfield>
               <subfield code="d">9/21/2011</subfield>
               <subfield code="e">8/1/2011</subfield>
               <subfield code="l">CATO-PARK</subfield>
               <subfield code="m">UP-ANNEX</subfield>
               <subfield code="r">Y</subfield>
               <subfield code="s">Y</subfield>
               <subfield code="t">SERIAL</subfield>
               <subfield code="u">4/12/2001</subfield>
               <subfield code="o">.STAFF. Digitized Copy Instructions: Do not delete or replace the barcode in this item record. It links to the digitized copy of this volume. If WITHDRAWING the volume or REPLACING a barcode, update the item record to reflect an ONLINE resource. Add a new barcode by adding a second item record. See Access Services Training Bulletin no. 25 for full instructions.</subfield>
            </datafield>
            <datafield tag="999" ind1=" " ind2=" ">
               <subfield code="a">QE185.A44 no.36</subfield>
               <subfield code="w">LCPER</subfield>
               <subfield code="c">1</subfield>
               <subfield code="i">000012238149</subfield>
               <subfield code="d">9/21/2011</subfield>
               <subfield code="e">8/1/2011</subfield>
               <subfield code="l">CATO-PARK</subfield>
               <subfield code="m">UP-ANNEX</subfield>
               <subfield code="r">Y</subfield>
               <subfield code="s">Y</subfield>
               <subfield code="t">SERIAL</subfield>
               <subfield code="u">4/12/2001</subfield>
               <subfield code="o">.STAFF. Digitized Copy Instructions: Do not delete or replace the barcode in this item record. It links to the digitized copy of this volume. If WITHDRAWING the volume or REPLACING a barcode, update the item record to reflect an ONLINE resource. Add a new barcode by adding a second item record. See Access Services Training Bulletin no. 25 for full instructions.</subfield>
            </datafield>
            <datafield tag="999" ind1=" " ind2=" ">
               <subfield code="a">QE185.A44 no.37</subfield>
               <subfield code="w">LCPER</subfield>
               <subfield code="c">1</subfield>
               <subfield code="i">000012238156</subfield>
               <subfield code="d">9/21/2011</subfield>
               <subfield code="e">8/1/2011</subfield>
               <subfield code="l">CATO-PARK</subfield>
               <subfield code="m">UP-ANNEX</subfield>
               <subfield code="n">1</subfield>
               <subfield code="r">Y</subfield>
               <subfield code="s">Y</subfield>
               <subfield code="t">SERIAL</subfield>
               <subfield code="u">4/12/2001</subfield>
               <subfield code="o">.STAFF. Digitized Copy Instructions: Do not delete or replace the barcode in this item record. It links to the digitized copy of this volume. If WITHDRAWING the volume or REPLACING a barcode, update the item record to reflect an ONLINE resource. Add a new barcode by adding a second item record. See Access Services Training Bulletin no. 25 for full instructions.</subfield>
            </datafield>
            <datafield tag="999" ind1=" " ind2=" ">
               <subfield code="a">QE185.A44 no.33</subfield>
               <subfield code="w">LCPER</subfield>
               <subfield code="c">1</subfield>
               <subfield code="i">000012175017</subfield>
               <subfield code="d">9/21/2011</subfield>
               <subfield code="e">8/1/2011</subfield>
               <subfield code="l">CATO-PARK</subfield>
               <subfield code="m">UP-ANNEX</subfield>
               <subfield code="n">2</subfield>
               <subfield code="r">Y</subfield>
               <subfield code="s">Y</subfield>
               <subfield code="t">SERIAL</subfield>
               <subfield code="u">4/12/2001</subfield>
               <subfield code="o">.STAFF. Digitized Copy Instructions: Do not delete or replace the barcode in this item record. It links to the digitized copy of this volume. If WITHDRAWING the volume or REPLACING a barcode, update the item record to reflect an ONLINE resource. Add a new barcode by adding a second item record. See Access Services Training Bulletin no. 25 for full instructions.</subfield>
            </datafield>
            <datafield tag="999" ind1=" " ind2=" ">
               <subfield code="a">QE185.A44 no.A</subfield>
               <subfield code="w">LCPER</subfield>
               <subfield code="c">1</subfield>
               <subfield code="i">000012237814</subfield>
               <subfield code="d">11/15/2000</subfield>
               <subfield code="e">4/9/1990</subfield>
               <subfield code="l">CATO-PARK</subfield>
               <subfield code="m">UP-ANNEX</subfield>
               <subfield code="r">Y</subfield>
               <subfield code="s">Y</subfield>
               <subfield code="t">SERIAL</subfield>
               <subfield code="u">4/12/2001</subfield>
            </datafield>
            <datafield tag="999" ind1=" " ind2=" ">
               <subfield code="a">QE185.A44 no.1</subfield>
               <subfield code="w">LCPER</subfield>
               <subfield code="c">1</subfield>
               <subfield code="i">000012237821</subfield>
               <subfield code="d">9/21/2011</subfield>
               <subfield code="e">8/1/2011</subfield>
               <subfield code="l">CATO-PARK</subfield>
               <subfield code="m">UP-ANNEX</subfield>
               <subfield code="r">Y</subfield>
               <subfield code="s">Y</subfield>
               <subfield code="t">SERIAL</subfield>
               <subfield code="u">4/12/2001</subfield>
               <subfield code="o">.STAFF. Digitized Copy Instructions: Do not delete or replace the barcode in this item record. It links to the digitized copy of this volume. If WITHDRAWING the volume or REPLACING a barcode, update the item record to reflect an ONLINE resource. Add a new barcode by adding a second item record. See Access Services Training Bulletin no. 25 for full instructions.</subfield>
            </datafield>
            <datafield tag="999" ind1=" " ind2=" ">
               <subfield code="a">QE185.A44 no.2</subfield>
               <subfield code="w">LCPER</subfield>
               <subfield code="c">1</subfield>
               <subfield code="i">000012237838</subfield>
               <subfield code="d">9/21/2011</subfield>
               <subfield code="e">8/1/2011</subfield>
               <subfield code="l">CATO-PARK</subfield>
               <subfield code="m">UP-ANNEX</subfield>
               <subfield code="r">Y</subfield>
               <subfield code="s">Y</subfield>
               <subfield code="t">SERIAL</subfield>
               <subfield code="u">4/12/2001</subfield>
               <subfield code="o">.STAFF. Digitized Copy Instructions: Do not delete or replace the barcode in this item record. It links to the digitized copy of this volume. If WITHDRAWING the volume or REPLACING a barcode, update the item record to reflect an ONLINE resource. Add a new barcode by adding a second item record. See Access Services Training Bulletin no. 25 for full instructions.</subfield>
            </datafield>
            <datafield tag="999" ind1=" " ind2=" ">
               <subfield code="a">QE185.A44 no.3</subfield>
               <subfield code="w">LCPER</subfield>
               <subfield code="c">1</subfield>
               <subfield code="i">000012237845</subfield>
               <subfield code="d">9/21/2011</subfield>
               <subfield code="e">8/1/2011</subfield>
               <subfield code="l">CATO-PARK</subfield>
               <subfield code="m">UP-ANNEX</subfield>
               <subfield code="r">Y</subfield>
               <subfield code="s">Y</subfield>
               <subfield code="t">SERIAL</subfield>
               <subfield code="u">4/12/2001</subfield>
               <subfield code="o">.STAFF. Digitized Copy Instructions: Do not delete or replace the barcode in this item record. It links to the digitized copy of this volume. If WITHDRAWING the volume or REPLACING a barcode, update the item record to reflect an ONLINE resource. Add a new barcode by adding a second item record. See Access Services Training Bulletin no. 25 for full instructions.</subfield>
            </datafield>
            <datafield tag="999" ind1=" " ind2=" ">
               <subfield code="a">QE185.A44 no.4</subfield>
               <subfield code="w">LCPER</subfield>
               <subfield code="c">1</subfield>
               <subfield code="i">000012237852</subfield>
               <subfield code="d">9/21/2011</subfield>
               <subfield code="e">8/1/2011</subfield>
               <subfield code="l">CATO-PARK</subfield>
               <subfield code="m">UP-ANNEX</subfield>
               <subfield code="r">Y</subfield>
               <subfield code="s">Y</subfield>
               <subfield code="t">SERIAL</subfield>
               <subfield code="u">4/12/2001</subfield>
               <subfield code="o">.STAFF. Digitized Copy Instructions: Do not delete or replace the barcode in this item record. It links to the digitized copy of this volume. If WITHDRAWING the volume or REPLACING a barcode, update the item record to reflect an ONLINE resource. Add a new barcode by adding a second item record. See Access Services Training Bulletin no. 25 for full instructions.</subfield>
            </datafield>
            <datafield tag="999" ind1=" " ind2=" ">
               <subfield code="a">QE185.A44 no.5</subfield>
               <subfield code="w">LCPER</subfield>
               <subfield code="c">1</subfield>
               <subfield code="i">000012237869</subfield>
               <subfield code="d">9/21/2011</subfield>
               <subfield code="e">8/1/2011</subfield>
               <subfield code="l">CATO-PARK</subfield>
               <subfield code="m">UP-ANNEX</subfield>
               <subfield code="r">Y</subfield>
               <subfield code="s">Y</subfield>
               <subfield code="t">SERIAL</subfield>
               <subfield code="u">4/12/2001</subfield>
               <subfield code="o">.STAFF. Digitized Copy Instructions: Do not delete or replace the barcode in this item record. It links to the digitized copy of this volume. If WITHDRAWING the volume or REPLACING a barcode, update the item record to reflect an ONLINE resource. Add a new barcode by adding a second item record. See Access Services Training Bulletin no. 25 for full instructions.</subfield>
            </datafield>
            <datafield tag="999" ind1=" " ind2=" ">
               <subfield code="a">QE185.A44 no.6</subfield>
               <subfield code="w">LCPER</subfield>
               <subfield code="c">1</subfield>
               <subfield code="i">000012237876</subfield>
               <subfield code="d">9/21/2011</subfield>
               <subfield code="e">8/1/2011</subfield>
               <subfield code="l">CATO-PARK</subfield>
               <subfield code="m">UP-ANNEX</subfield>
               <subfield code="r">Y</subfield>
               <subfield code="s">Y</subfield>
               <subfield code="t">SERIAL</subfield>
               <subfield code="u">4/12/2001</subfield>
               <subfield code="o">.STAFF. Digitized Copy Instructions: Do not delete or replace the barcode in this item record. It links to the digitized copy of this volume. If WITHDRAWING the volume or REPLACING a barcode, update the item record to reflect an ONLINE resource. Add a new barcode by adding a second item record. See Access Services Training Bulletin no. 25 for full instructions.</subfield>
            </datafield>
            <datafield tag="999" ind1=" " ind2=" ">
               <subfield code="a">QE185.A44 no.7</subfield>
               <subfield code="w">LCPER</subfield>
               <subfield code="c">1</subfield>
               <subfield code="i">000012237883</subfield>
               <subfield code="d">9/21/2011</subfield>
               <subfield code="e">8/1/2011</subfield>
               <subfield code="l">CATO-PARK</subfield>
               <subfield code="m">UP-ANNEX</subfield>
               <subfield code="r">Y</subfield>
               <subfield code="s">Y</subfield>
               <subfield code="t">SERIAL</subfield>
               <subfield code="u">4/12/2001</subfield>
               <subfield code="o">.STAFF. Digitized Copy Instructions: Do not delete or replace the barcode in this item record. It links to the digitized copy of this volume. If WITHDRAWING the volume or REPLACING a barcode, update the item record to reflect an ONLINE resource. Add a new barcode by adding a second item record. See Access Services Training Bulletin no. 25 for full instructions.</subfield>
            </datafield>
            <datafield tag="999" ind1=" " ind2=" ">
               <subfield code="a">QE185.A44 no.8 v.1</subfield>
               <subfield code="w">LCPER</subfield>
               <subfield code="c">1</subfield>
               <subfield code="i">000012237890</subfield>
               <subfield code="d">9/21/2011</subfield>
               <subfield code="e">8/1/2011</subfield>
               <subfield code="l">CATO-PARK</subfield>
               <subfield code="m">UP-ANNEX</subfield>
               <subfield code="r">Y</subfield>
               <subfield code="s">Y</subfield>
               <subfield code="t">SERIAL</subfield>
               <subfield code="u">4/12/2001</subfield>
               <subfield code="o">.STAFF. Digitized Copy Instructions: Do not delete or replace the barcode in this item record. It links to the digitized copy of this volume. If WITHDRAWING the volume or REPLACING a barcode, update the item record to reflect an ONLINE resource. Add a new barcode by adding a second item record. See Access Services Training Bulletin no. 25 for full instructions.</subfield>
            </datafield>
            <datafield tag="999" ind1=" " ind2=" ">
               <subfield code="a">QE185.A44 no.8 v.2</subfield>
               <subfield code="w">LCPER</subfield>
               <subfield code="c">1</subfield>
               <subfield code="i">000012237906</subfield>
               <subfield code="d">9/21/2011</subfield>
               <subfield code="e">8/1/2011</subfield>
               <subfield code="l">CATO-PARK</subfield>
               <subfield code="m">UP-ANNEX</subfield>
               <subfield code="r">Y</subfield>
               <subfield code="s">Y</subfield>
               <subfield code="t">SERIAL</subfield>
               <subfield code="u">4/12/2001</subfield>
               <subfield code="o">.STAFF. Digitized Copy Instructions: Do not delete or replace the barcode in this item record. It links to the digitized copy of this volume. If WITHDRAWING the volume or REPLACING a barcode, update the item record to reflect an ONLINE resource. Add a new barcode by adding a second item record. See Access Services Training Bulletin no. 25 for full instructions.</subfield>
            </datafield>
      </record>
    </metadata>
  </record>