
   <record> 
    <header>
      <identifier>oai:cat.libraries.psu.edu:1455685</identifier> 
      <datestamp>2022-12-16</datestamp>
      <setSpec>BOOK</setSpec> 
    </header>
    <metadata>
      <record xmlns="http://www.loc.gov/MARC21/slim" xsi:schemaLocation="http://www.loc.gov/MARC21/slim http://www.loc.gov/standards/marcxml/schema/MARC21slim.xsd" type="Bibliographic">
         <leader>     nem  22     Ia 4500</leader>
         <controlfield tag="008">971210s1997    xx            000 0 rus d</controlfield>
            <datafield tag="020" ind1=" " ind2=" ">
               <subfield code="z">570600212</subfield>
            </datafield>
            <datafield tag="035" ind1=" " ind2=" ">
               <subfield code="a">LIAS2053447</subfield>
            </datafield>
            <datafield tag="035" ind1=" " ind2=" ">
               <subfield code="a">(OCoLC)38177649</subfield>
            </datafield>
            <datafield tag="100" ind1="1" ind2=" ">
               <subfield code="a">Esin, Sergeĭ.</subfield>
            </datafield>
            <datafield tag="245" ind1="1" ind2="0">
               <subfield code="a">Kulʹtura i vlastʹ /</subfield>
               <subfield code="c">Sergeĭ Esin.</subfield>
            </datafield>
            <datafield tag="264" ind1=" " ind2="1">
               <subfield code="a">Moskva :</subfield>
               <subfield code="b">Izd-vo Liternaturnogo instituta im. A.M. Gorʹkogo,</subfield>
               <subfield code="c">1997.</subfield>
            </datafield>
            <datafield tag="300" ind1=" " ind2=" ">
               <subfield code="a">246 pages :</subfield>
               <subfield code="b">illustrations, portrait ;</subfield>
               <subfield code="c">20 cm</subfield>
            </datafield>
            <datafield tag="500" ind1=" " ind2=" ">
               <subfield code="a">Consists chiefly of previously published articles, interviews, and essays.</subfield>
            </datafield>
            <datafield tag="600" ind1="1" ind2="0">
               <subfield code="a">Esin, Sergeĭ</subfield>
               <subfield code="v">Interviews.</subfield>
            </datafield>
            <datafield tag="650" ind1=" " ind2="0">
               <subfield code="a">Russian literature</subfield>
               <subfield code="x">History and criticism.</subfield>
            </datafield>
            <datafield tag="651" ind1=" " ind2="0">
               <subfield code="a">Russia</subfield>
               <subfield code="x">Intellectual life</subfield>
               <subfield code="y">20th century.</subfield>
            </datafield>
            <datafield tag="999" ind1=" " ind2=" ">
               <subfield code="a">PG3479.7.S48A6 1997</subfield>
               <subfield code="w">LC</subfield>
               <subfield code="c">1</subfield>
               <subfield code="i">000031886475</subfield>
               <subfield code="d">12/10/1997</subfield>
               <subfield code="e">3/20/1998</subfield>
               <subfield code="l">PATTEE-2</subfield>
               <subfield code="m">UP-PAT</subfield>
               <subfield code="n">3</subfield>
               <subfield code="r">Y</subfield>
               <subfield code="s">Y</subfield>
               <subfield code="t">BOOK</subfield>
               <subfield code="u">4/13/2001</subfield>
            </datafield>
      </record>
    </metadata>
  </record>