
   <record> 
    <header>
      <identifier>oai:cat.libraries.psu.edu:1455686</identifier> 
      <datestamp>2022-12-16</datestamp>
      <setSpec>MAP</setSpec> 
    </header>
    <metadata>
      <record xmlns="http://www.loc.gov/MARC21/slim" xsi:schemaLocation="http://www.loc.gov/MARC21/slim http://www.loc.gov/standards/marcxml/schema/MARC21slim.xsd" type="Bibliographic">
         <leader>     nam  22     1a 4500</leader>
         <controlfield tag="008">931213s1989    xxuag     a  s  0   eng d</controlfield>
            <datafield tag="035" ind1=" " ind2=" ">
               <subfield code="a">(OCoLC)25561688</subfield>
            </datafield>
            <datafield tag="100" ind1="1" ind2=" ">
               <subfield code="a">Mittwede, Steven K.,</subfield>
               <subfield code="d">1959-</subfield>
            </datafield>
            <datafield tag="245" ind1="1" ind2="0">
               <subfield code="a">Geologic map of the Cameron Lead Mine area, Gaffney 7.5-minute quadrangle, Cherokee County, South Carolina</subfield>
               <subfield code="h">[cartographic material] /</subfield>
               <subfield code="c">by Steven K. Mittwede.</subfield>
            </datafield>
            <datafield tag="255" ind1=" " ind2=" ">
               <subfield code="a">Scale approximately 1:12,000.</subfield>
            </datafield>
            <datafield tag="264" ind1=" " ind2="1">
               <subfield code="a">[Columbia] :</subfield>
               <subfield code="b">South Carolina Geological Survey,</subfield>
               <subfield code="c">[1989]</subfield>
            </datafield>
            <datafield tag="300" ind1=" " ind2=" ">
               <subfield code="a">1 map :</subfield>
               <subfield code="b">photocopy ;</subfield>
               <subfield code="c">33 x 38 cm, on sheet 45 x 61 cm +</subfield>
               <subfield code="e">1 pamphlet (2 unnumbered pages ; 28 cm).</subfield>
            </datafield>
            <datafield tag="490" ind1="1" ind2=" ">
               <subfield code="a">South Carolina Geological Survey open-file report ;</subfield>
               <subfield code="v">65</subfield>
            </datafield>
            <datafield tag="500" ind1=" " ind2=" ">
               <subfield code="a">Black line print.</subfield>
            </datafield>
            <datafield tag="500" ind1=" " ind2=" ">
               <subfield code="a">Includes location map.</subfield>
            </datafield>
            <datafield tag="500" ind1=" " ind2=" ">
               <subfield code="a">Accompanied by pamphlet.</subfield>
            </datafield>
            <datafield tag="500" ind1=" " ind2=" ">
               <subfield code="a">Relief shown by contours and spot heights.</subfield>
            </datafield>
            <datafield tag="650" ind1=" " ind2="0">
               <subfield code="a">Geology</subfield>
               <subfield code="z">South Carolina</subfield>
               <subfield code="z">Gaffney Region</subfield>
               <subfield code="v">Maps.</subfield>
            </datafield>
            <datafield tag="650" ind1=" " ind2="0">
               <subfield code="a">Geology</subfield>
               <subfield code="z">South Carolina</subfield>
               <subfield code="z">Cherokee County</subfield>
               <subfield code="v">Maps.</subfield>
            </datafield>
            <datafield tag="655" ind1=" " ind2="7">
               <subfield code="a">Geological maps.</subfield>
               <subfield code="2">lcgft</subfield>
            </datafield>
            <datafield tag="710" ind1="2" ind2=" ">
               <subfield code="a">South Carolina Geological Survey.</subfield>
            </datafield>
            <datafield tag="830" ind1=" " ind2="0">
               <subfield code="a">SCGS open file report (South Carolina Geological Survey) ;</subfield>
               <subfield code="v">65.</subfield>
            </datafield>
            <datafield tag="999" ind1=" " ind2=" ">
               <subfield code="a">QE161.O7 no.65</subfield>
               <subfield code="w">LC</subfield>
               <subfield code="c">1</subfield>
               <subfield code="i">000021919756</subfield>
               <subfield code="d">5/3/1996</subfield>
               <subfield code="e">5/3/1996</subfield>
               <subfield code="l">MAPS-EM</subfield>
               <subfield code="m">UP-EMS</subfield>
               <subfield code="r">Y</subfield>
               <subfield code="s">Y</subfield>
               <subfield code="t">MAP</subfield>
               <subfield code="u">4/13/2001</subfield>
            </datafield>
            <datafield tag="999" ind1=" " ind2=" ">
               <subfield code="a">QE161.O7 no.65 pamphlet</subfield>
               <subfield code="w">LC</subfield>
               <subfield code="c">1</subfield>
               <subfield code="i">000021919749</subfield>
               <subfield code="d">5/3/1996</subfield>
               <subfield code="e">6/14/1996</subfield>
               <subfield code="l">CATO-2</subfield>
               <subfield code="m">UP-ANNEX</subfield>
               <subfield code="n">1</subfield>
               <subfield code="r">Y</subfield>
               <subfield code="s">Y</subfield>
               <subfield code="t">MAP</subfield>
               <subfield code="u">4/13/2001</subfield>
               <subfield code="z">6448</subfield>
            </datafield>
      </record>
    </metadata>
  </record>