
   <record> 
    <header>
      <identifier>oai:cat.libraries.psu.edu:1455688</identifier> 
      <datestamp>2022-12-16</datestamp>
      <setSpec>BOOK</setSpec> 
    </header>
    <metadata>
      <record xmlns="http://www.loc.gov/MARC21/slim" xsi:schemaLocation="http://www.loc.gov/MARC21/slim http://www.loc.gov/standards/marcxml/schema/MARC21slim.xsd" type="Bibliographic">
         <leader>     nam  22      a 4500</leader>
         <controlfield tag="008">960118s1970    xx       b    000 0 eng d</controlfield>
            <datafield tag="010" ind1=" " ind2=" ">
               <subfield code="a">   73119453</subfield>
            </datafield>
            <datafield tag="035" ind1=" " ind2=" ">
               <subfield code="a">LIAS1893464</subfield>
            </datafield>
            <datafield tag="035" ind1=" " ind2=" ">
               <subfield code="a">(OCoLC)87874</subfield>
            </datafield>
            <datafield tag="050" ind1="0" ind2="0">
               <subfield code="a">QA3</subfield>
               <subfield code="b">.L28 no. 131</subfield>
            </datafield>
            <datafield tag="245" ind1="0" ind2="0">
               <subfield code="a">Seminar on algebraic groups and related finite groups :</subfield>
               <subfield code="b">held at the Institute for Advanced Study, Princeton/NJ, 1968/69 /</subfield>
               <subfield code="c">[by] A. Borel [and others].</subfield>
            </datafield>
            <datafield tag="264" ind1=" " ind2="1">
               <subfield code="a">Berlin ;</subfield>
               <subfield code="a">New York :</subfield>
               <subfield code="b">Springer-Verlag,</subfield>
               <subfield code="c">1970.</subfield>
            </datafield>
            <datafield tag="300" ind1=" " ind2=" ">
               <subfield code="a">vii, 321 pages ;</subfield>
               <subfield code="c">26 cm.</subfield>
            </datafield>
            <datafield tag="490" ind1="1" ind2=" ">
               <subfield code="a">Lecture notes in mathematics ;</subfield>
               <subfield code="v">131</subfield>
            </datafield>
            <datafield tag="504" ind1=" " ind2=" ">
               <subfield code="a">Includes bibliographies.</subfield>
            </datafield>
            <datafield tag="650" ind1=" " ind2="0">
               <subfield code="a">Linear algebraic groups.</subfield>
            </datafield>
            <datafield tag="650" ind1=" " ind2="0">
               <subfield code="a">Finite groups.</subfield>
            </datafield>
            <datafield tag="700" ind1="1" ind2=" ">
               <subfield code="a">Borel, Armand.</subfield>
            </datafield>
            <datafield tag="710" ind1="2" ind2=" ">
               <subfield code="a">Institute for Advanced Study (Princeton, N.J.)</subfield>
            </datafield>
            <datafield tag="830" ind1=" " ind2="0">
               <subfield code="a">Lecture notes in mathematics (Springer-Verlag) ;</subfield>
               <subfield code="v">131.</subfield>
            </datafield>
            <datafield tag="999" ind1=" " ind2=" ">
               <subfield code="a">QA179.S45 1970</subfield>
               <subfield code="w">LC</subfield>
               <subfield code="c">1</subfield>
               <subfield code="i">000003567357</subfield>
               <subfield code="d">12/15/2010</subfield>
               <subfield code="e">8/15/2010</subfield>
               <subfield code="l">STACKS-PM</subfield>
               <subfield code="m">UP-PAMS</subfield>
               <subfield code="n">21</subfield>
               <subfield code="r">Y</subfield>
               <subfield code="s">Y</subfield>
               <subfield code="t">BOOK</subfield>
               <subfield code="u">4/13/2001</subfield>
            </datafield>
      </record>
    </metadata>
  </record>