
   <record> 
    <header>
      <identifier>oai:cat.libraries.psu.edu:1455690</identifier> 
      <datestamp>2022-12-16</datestamp>
      <setSpec>SERIAL</setSpec> 
    </header>
    <metadata>
      <record xmlns="http://www.loc.gov/MARC21/slim" xsi:schemaLocation="http://www.loc.gov/MARC21/slim http://www.loc.gov/standards/marcxml/schema/MARC21slim.xsd" type="Bibliographic">
         <leader>     nam  22     1a 4500</leader>
         <controlfield tag="008">931213c19uu9999nyuau    s   i0    0ara d</controlfield>
            <datafield tag="010" ind1=" " ind2=" ">
               <subfield code="a">   93648181 </subfield>
               <subfield code="z">sn90-14422</subfield>
            </datafield>
            <datafield tag="022" ind1=" " ind2=" ">
               <subfield code="a">0252-7952</subfield>
            </datafield>
            <datafield tag="035" ind1=" " ind2=" ">
               <subfield code="a">LIAS1736932</subfield>
            </datafield>
            <datafield tag="035" ind1=" " ind2=" ">
               <subfield code="a">(OCoLC)19729437</subfield>
            </datafield>
            <datafield tag="050" ind1="1" ind2="4">
               <subfield code="a">HC415.15.Z9</subfield>
               <subfield code="b">I5N3</subfield>
            </datafield>
            <datafield tag="245" ind1="0" ind2="0">
               <subfield code="a">Dirāsāt al-ḥisābāt al-qawmiyah li-manṭaqat al-Lajnah al-Iqtiṣādiyah wa-al-Ijtimāʻiyah li-Gharbī Āsiā /</subfield>
               <subfield code="c">Umam al-Muttaḥidah, Lajnah al-Iqtiṣādiyah wa-al-Ijtimāʻiyah li-Gharbī Āsiā = National accounts studies of the ESCWA region / United Nations, Economic and Social Commission for Western Asia.</subfield>
            </datafield>
            <datafield tag="246" ind1="1" ind2="0">
               <subfield code="a">Dirāsāt al-ḥisābāt al-qawmīyah lil-minṭaqah al-ʻArabīyah</subfield>
            </datafield>
            <datafield tag="246" ind1="1" ind2="1">
               <subfield code="a">National accounts studies of the ESCWA region</subfield>
            </datafield>
            <datafield tag="264" ind1=" " ind2="1">
               <subfield code="a">New York :</subfield>
               <subfield code="b">United Nations,</subfield>
               <subfield code="c">1987-</subfield>
            </datafield>
            <datafield tag="300" ind1=" " ind2=" ">
               <subfield code="a">volumes ;</subfield>
               <subfield code="c">28 cm.</subfield>
            </datafield>
            <datafield tag="362" ind1="0" ind2=" ">
               <subfield code="a">al-Nashrah 9.-</subfield>
            </datafield>
            <datafield tag="362" ind1="1" ind2=" ">
               <subfield code="a">Ceased with no. 31 (2011).</subfield>
            </datafield>
            <datafield tag="490" ind1="1" ind2=" ">
               <subfield code="3">&lt;1999-&gt;</subfield>
               <subfield code="a">Bulletin</subfield>
            </datafield>
            <datafield tag="500" ind1=" " ind2=" ">
               <subfield code="a">Description based on: al-Nashrah 9., published in 1987.</subfield>
            </datafield>
            <datafield tag="500" ind1=" " ind2=" ">
               <subfield code="a">Published in Baghdad, 1988-1989; in Amman, 1992; in New York, &lt;1997&gt;-2011.</subfield>
            </datafield>
            <datafield tag="500" ind1=" " ind2=" ">
               <subfield code="a">Chiefly tables.</subfield>
            </datafield>
            <datafield tag="515" ind1=" " ind2=" ">
               <subfield code="a">Suspended 1990-1991.</subfield>
            </datafield>
            <datafield tag="546" ind1=" " ind2=" ">
               <subfield code="a">Arabic and English.</subfield>
            </datafield>
            <datafield tag="650" ind1=" " ind2="0">
               <subfield code="a">National income</subfield>
               <subfield code="z">Middle East</subfield>
               <subfield code="x">Accounting</subfield>
               <subfield code="v">Statistics</subfield>
               <subfield code="v">Periodicals.</subfield>
            </datafield>
            <datafield tag="650" ind1=" " ind2="0">
               <subfield code="a">Gross national product</subfield>
               <subfield code="z">Middle East</subfield>
               <subfield code="v">Statistics</subfield>
               <subfield code="v">Periodicals.</subfield>
            </datafield>
            <datafield tag="710" ind1="2" ind2=" ">
               <subfield code="a">United Nations.</subfield>
               <subfield code="b">Economic and Social Commission for Western Asia.</subfield>
            </datafield>
            <datafield tag="780" ind1="0" ind2="0">
               <subfield code="t">Dirāsāt al-ḥisābāt al-qawmīyah</subfield>
               <subfield code="w">(DLC)sn 89010000</subfield>
               <subfield code="w">(OCoLC)17503494</subfield>
            </datafield>
            <datafield tag="785" ind1="0" ind2="0">
               <subfield code="t">Dirāsāt al-ḥisābāt al-qawmīyah lil-minṭaqah al-ʻArabīyah</subfield>
               <subfield code="w">(DLC)  2013238735</subfield>
               <subfield code="w">(OCoLC)855539704</subfield>
            </datafield>
            <datafield tag="830" ind1=" " ind2="0">
               <subfield code="a">Bulletin (United Nations. Economic and Social Commission for Western Asia)</subfield>
            </datafield>
            <datafield tag="999" ind1=" " ind2=" ">
               <subfield code="a">UN/E/ESCWA/STAT/ACCTS./</subfield>
               <subfield code="w">SUDOC</subfield>
               <subfield code="c">1</subfield>
               <subfield code="i">1455690-1001</subfield>
               <subfield code="d">12/13/2000</subfield>
               <subfield code="l">DOC-INTL</subfield>
               <subfield code="m">UP-PAT</subfield>
               <subfield code="r">Y</subfield>
               <subfield code="s">Y</subfield>
               <subfield code="t">SERIAL</subfield>
               <subfield code="u">4/13/2001</subfield>
            </datafield>
            <datafield tag="999" ind1=" " ind2=" ">
               <subfield code="a">UN/E/ESCWA/STAT/ACCTS./ no.21</subfield>
               <subfield code="w">SUDOC</subfield>
               <subfield code="c">1</subfield>
               <subfield code="i">000048681544</subfield>
               <subfield code="l">DOC-INTL</subfield>
               <subfield code="m">UP-PAT</subfield>
               <subfield code="r">Y</subfield>
               <subfield code="s">Y</subfield>
               <subfield code="t">SERIAL</subfield>
               <subfield code="u">4/16/2002</subfield>
            </datafield>
            <datafield tag="999" ind1=" " ind2=" ">
               <subfield code="a">UN/E/ESCWA/STAT/ACCTS./ no.22</subfield>
               <subfield code="w">SUDOC</subfield>
               <subfield code="c">1</subfield>
               <subfield code="i">000050348299</subfield>
               <subfield code="l">DOC-INTL</subfield>
               <subfield code="m">UP-PAT</subfield>
               <subfield code="r">Y</subfield>
               <subfield code="s">Y</subfield>
               <subfield code="t">SERIAL</subfield>
               <subfield code="u">9/4/2003</subfield>
            </datafield>
            <datafield tag="999" ind1=" " ind2=" ">
               <subfield code="a">UN/E/ESCWA/STAT/ACCTS./ no.23</subfield>
               <subfield code="w">SUDOC</subfield>
               <subfield code="c">1</subfield>
               <subfield code="i">000051636029</subfield>
               <subfield code="l">DOC-INTL</subfield>
               <subfield code="m">UP-PAT</subfield>
               <subfield code="r">Y</subfield>
               <subfield code="s">Y</subfield>
               <subfield code="t">SERIAL</subfield>
               <subfield code="u">5/3/2004</subfield>
            </datafield>
            <datafield tag="999" ind1=" " ind2=" ">
               <subfield code="a">UN/E/ESCWA/STAT/ACCTS./ no.24</subfield>
               <subfield code="w">SUDOC</subfield>
               <subfield code="c">1</subfield>
               <subfield code="i">000055822633</subfield>
               <subfield code="l">DOC-INTL</subfield>
               <subfield code="m">UP-PAT</subfield>
               <subfield code="r">Y</subfield>
               <subfield code="s">Y</subfield>
               <subfield code="t">SERIAL</subfield>
               <subfield code="u">3/14/2005</subfield>
            </datafield>
            <datafield tag="999" ind1=" " ind2=" ">
               <subfield code="a">UN/E/ESCWA/STAT/ACCTS./ no.25</subfield>
               <subfield code="w">SUDOC</subfield>
               <subfield code="c">1</subfield>
               <subfield code="i">000058170267</subfield>
               <subfield code="l">DOC-INTL</subfield>
               <subfield code="m">UP-PAT</subfield>
               <subfield code="r">Y</subfield>
               <subfield code="s">Y</subfield>
               <subfield code="t">SERIAL</subfield>
               <subfield code="u">6/1/2006</subfield>
            </datafield>
            <datafield tag="999" ind1=" " ind2=" ">
               <subfield code="a">UN/E/ESCWA/STAT/ACCTS./ no.26</subfield>
               <subfield code="w">SUDOC</subfield>
               <subfield code="c">1</subfield>
               <subfield code="i">000062561358</subfield>
               <subfield code="l">DOC-INTL</subfield>
               <subfield code="m">UP-PAT</subfield>
               <subfield code="r">Y</subfield>
               <subfield code="s">Y</subfield>
               <subfield code="t">SERIAL</subfield>
               <subfield code="u">11/16/2007</subfield>
            </datafield>
            <datafield tag="999" ind1=" " ind2=" ">
               <subfield code="a">UN/E/ESCWA/STAT/ACCTS./ no.27</subfield>
               <subfield code="w">SUDOC</subfield>
               <subfield code="c">1</subfield>
               <subfield code="i">000062924566</subfield>
               <subfield code="l">DOC-INTL</subfield>
               <subfield code="m">UP-PAT</subfield>
               <subfield code="r">Y</subfield>
               <subfield code="s">Y</subfield>
               <subfield code="t">SERIAL</subfield>
               <subfield code="u">2/18/2008</subfield>
            </datafield>
            <datafield tag="999" ind1=" " ind2=" ">
               <subfield code="a">UN/E/ESCWA/STAT/ACCTS./ no.28</subfield>
               <subfield code="w">SUDOC</subfield>
               <subfield code="c">1</subfield>
               <subfield code="i">000066886556</subfield>
               <subfield code="l">DOC-INTL</subfield>
               <subfield code="m">UP-PAT</subfield>
               <subfield code="r">Y</subfield>
               <subfield code="s">Y</subfield>
               <subfield code="t">SERIAL</subfield>
               <subfield code="u">10/7/2009</subfield>
            </datafield>
            <datafield tag="999" ind1=" " ind2=" ">
               <subfield code="a">UN/E/ESCWA/STAT/ACCTS./ no.29</subfield>
               <subfield code="w">SUDOC</subfield>
               <subfield code="c">1</subfield>
               <subfield code="i">000070547498</subfield>
               <subfield code="l">DOC-INTL</subfield>
               <subfield code="m">UP-PAT</subfield>
               <subfield code="r">Y</subfield>
               <subfield code="s">Y</subfield>
               <subfield code="t">SERIAL</subfield>
               <subfield code="u">5/31/2011</subfield>
            </datafield>
            <datafield tag="999" ind1=" " ind2=" ">
               <subfield code="a">UN/E/ESCWA/STAT/ACCTS./ no.30</subfield>
               <subfield code="w">SUDOC</subfield>
               <subfield code="c">1</subfield>
               <subfield code="i">000071892719</subfield>
               <subfield code="l">DOC-INTL</subfield>
               <subfield code="m">UP-PAT</subfield>
               <subfield code="r">Y</subfield>
               <subfield code="s">Y</subfield>
               <subfield code="t">SERIAL</subfield>
               <subfield code="u">10/31/2011</subfield>
            </datafield>
            <datafield tag="999" ind1=" " ind2=" ">
               <subfield code="a">UN/E/ESCWA/STAT/ACCTS./ no.31</subfield>
               <subfield code="w">SUDOC</subfield>
               <subfield code="c">1</subfield>
               <subfield code="i">000073627258</subfield>
               <subfield code="l">DOC-INTL</subfield>
               <subfield code="m">UP-PAT</subfield>
               <subfield code="r">Y</subfield>
               <subfield code="s">Y</subfield>
               <subfield code="t">SERIAL</subfield>
               <subfield code="u">11/13/2012</subfield>
            </datafield>
      </record>
    </metadata>
  </record>