
   <record> 
    <header>
      <identifier>oai:cat.libraries.psu.edu:1455691</identifier> 
      <datestamp>2022-12-16</datestamp>
      <setSpec>BOOK</setSpec> 
    </header>
    <metadata>
      <record xmlns="http://www.loc.gov/MARC21/slim" xsi:schemaLocation="http://www.loc.gov/MARC21/slim http://www.loc.gov/standards/marcxml/schema/MARC21slim.xsd" type="Bibliographic">
         <leader>     nam  22      a 4500</leader>
         <controlfield tag="008">960201s1861    xxk           000 0 eng d</controlfield>
            <datafield tag="035" ind1=" " ind2=" ">
               <subfield code="a">LIAS1893465</subfield>
            </datafield>
            <datafield tag="035" ind1=" " ind2=" ">
               <subfield code="a">(OCoLC)13433574</subfield>
            </datafield>
            <datafield tag="041" ind1="1" ind2=" ">
               <subfield code="a">eng</subfield>
               <subfield code="h">fre</subfield>
            </datafield>
            <datafield tag="050" ind1="1" ind2="4">
               <subfield code="a">PQ2152.A5</subfield>
               <subfield code="b">R613 1861</subfield>
            </datafield>
            <datafield tag="100" ind1="1" ind2=" ">
               <subfield code="a">Aimard, Gustave,</subfield>
               <subfield code="d">1818-1883.</subfield>
            </datafield>
            <datafield tag="240" ind1="1" ind2="0">
               <subfield code="a">Rôdeurs de frontières.</subfield>
               <subfield code="l">English</subfield>
            </datafield>
            <datafield tag="245" ind1="1" ind2="4">
               <subfield code="a">The border rifles :</subfield>
               <subfield code="b">a story of the Texan war /</subfield>
               <subfield code="c">by Gustave Aimard.</subfield>
            </datafield>
            <datafield tag="264" ind1=" " ind2="1">
               <subfield code="a">London :</subfield>
               <subfield code="b">Ward, Lock,</subfield>
               <subfield code="c">[1861?]</subfield>
            </datafield>
            <datafield tag="300" ind1=" " ind2=" ">
               <subfield code="a">viii, 311 pages ;</subfield>
               <subfield code="c">19 cm</subfield>
            </datafield>
            <datafield tag="500" ind1=" " ind2=" ">
               <subfield code="a">Translation of Les rôdeurs de frontières.</subfield>
            </datafield>
            <datafield tag="500" ind1=" " ind2=" ">
               <subfield code="a">On cover: The boys' own story books of Indian tales of daring and adventure.</subfield>
            </datafield>
            <datafield tag="651" ind1=" " ind2="0">
               <subfield code="a">Texas</subfield>
               <subfield code="x">History</subfield>
               <subfield code="y">To 1846</subfield>
               <subfield code="v">Fiction.</subfield>
            </datafield>
            <datafield tag="740" ind1="0" ind2=" ">
               <subfield code="a">Boys' own story books of Indian tales of daring and adventure.</subfield>
            </datafield>
            <datafield tag="999" ind1=" " ind2=" ">
               <subfield code="a">PQ2152.A5R613 1861</subfield>
               <subfield code="w">LC</subfield>
               <subfield code="c">1</subfield>
               <subfield code="i">000025089769</subfield>
               <subfield code="d">2/1/1996</subfield>
               <subfield code="e">2/9/1996</subfield>
               <subfield code="l">RARE-BOOK</subfield>
               <subfield code="m">UP-SPECCOL</subfield>
               <subfield code="r">Y</subfield>
               <subfield code="s">Y</subfield>
               <subfield code="t">BOOK</subfield>
               <subfield code="u">4/13/2001</subfield>
            </datafield>
      </record>
    </metadata>
  </record>