
   <record> 
    <header>
      <identifier>oai:cat.libraries.psu.edu:1455692</identifier> 
      <datestamp>2022-12-16</datestamp>
      <setSpec>BOOK</setSpec> 
    </header>
    <metadata>
      <record xmlns="http://www.loc.gov/MARC21/slim" xsi:schemaLocation="http://www.loc.gov/MARC21/slim http://www.loc.gov/standards/marcxml/schema/MARC21slim.xsd" type="Bibliographic">
         <leader>     nam  22     Ia 4500</leader>
         <controlfield tag="008">930712s1990    xxka          000 0aeng d</controlfield>
            <datafield tag="010" ind1=" " ind2=" ">
               <subfield code="a">   90183840</subfield>
            </datafield>
            <datafield tag="020" ind1=" " ind2=" ">
               <subfield code="a">0091737605 :</subfield>
               <subfield code="c">£14.95</subfield>
            </datafield>
            <datafield tag="035" ind1=" " ind2=" ">
               <subfield code="a">LIAS1579777</subfield>
            </datafield>
            <datafield tag="035" ind1=" " ind2=" ">
               <subfield code="a">(OCoLC)23901956</subfield>
            </datafield>
            <datafield tag="050" ind1="0" ind2="0">
               <subfield code="a">PR6061.A9</subfield>
               <subfield code="b">Z474 1990</subfield>
            </datafield>
            <datafield tag="100" ind1="1" ind2=" ">
               <subfield code="a">Kavanagh, P. J.</subfield>
               <subfield code="q">(Patrick Joseph),</subfield>
               <subfield code="d">1931-</subfield>
            </datafield>
            <datafield tag="245" ind1="1" ind2="0">
               <subfield code="a">Finding connections /</subfield>
               <subfield code="c">P.J. Kavanagh.</subfield>
            </datafield>
            <datafield tag="264" ind1=" " ind2="1">
               <subfield code="a">London :</subfield>
               <subfield code="b">Hutchinson,</subfield>
               <subfield code="c">1990.</subfield>
            </datafield>
            <datafield tag="300" ind1=" " ind2=" ">
               <subfield code="a">xiv, 216 pages :</subfield>
               <subfield code="b">illustrations ;</subfield>
               <subfield code="c">24 cm</subfield>
            </datafield>
            <datafield tag="500" ind1=" " ind2=" ">
               <subfield code="a">Includes index.</subfield>
            </datafield>
            <datafield tag="600" ind1="1" ind2="0">
               <subfield code="a">Kavanagh, P. J.</subfield>
               <subfield code="q">(Patrick Joseph),</subfield>
               <subfield code="d">1931-</subfield>
               <subfield code="x">Family.</subfield>
            </datafield>
            <datafield tag="600" ind1="1" ind2="0">
               <subfield code="a">Kavanagh, P. J.</subfield>
               <subfield code="q">(Patrick Joseph),</subfield>
               <subfield code="d">1931-</subfield>
               <subfield code="x">Travel</subfield>
               <subfield code="z">Australasia.</subfield>
            </datafield>
            <datafield tag="650" ind1=" " ind2="0">
               <subfield code="a">Authors, English</subfield>
               <subfield code="y">20th century</subfield>
               <subfield code="x">Family relationships.</subfield>
            </datafield>
            <datafield tag="650" ind1=" " ind2="0">
               <subfield code="a">Irish</subfield>
               <subfield code="z">New Zealand</subfield>
               <subfield code="v">Genealogy.</subfield>
            </datafield>
            <datafield tag="650" ind1=" " ind2="0">
               <subfield code="a">Irish</subfield>
               <subfield code="z">Australia</subfield>
               <subfield code="v">Genealogy.</subfield>
            </datafield>
            <datafield tag="651" ind1=" " ind2="0">
               <subfield code="a">Australasia</subfield>
               <subfield code="x">Description and travel.</subfield>
            </datafield>
            <datafield tag="999" ind1=" " ind2=" ">
               <subfield code="a">PR6061.A9Z474 1990</subfield>
               <subfield code="w">LC</subfield>
               <subfield code="c">1</subfield>
               <subfield code="i">000018140200</subfield>
               <subfield code="d">7/1/2014</subfield>
               <subfield code="e">6/11/2014</subfield>
               <subfield code="l">PATTEE-3</subfield>
               <subfield code="m">UP-PAT</subfield>
               <subfield code="n">2</subfield>
               <subfield code="p">$14.95</subfield>
               <subfield code="r">Y</subfield>
               <subfield code="s">Y</subfield>
               <subfield code="t">BOOK</subfield>
               <subfield code="u">4/13/2001</subfield>
            </datafield>
      </record>
    </metadata>
  </record>