
   <record> 
    <header>
      <identifier>oai:cat.libraries.psu.edu:1455695</identifier> 
      <datestamp>2022-12-16</datestamp>
      <setSpec>BOOK</setSpec> 
    </header>
    <metadata>
      <record xmlns="http://www.loc.gov/MARC21/slim" xsi:schemaLocation="http://www.loc.gov/MARC21/slim http://www.loc.gov/standards/marcxml/schema/MARC21slim.xsd" type="Bibliographic">
         <controlfield tag="008">931213s1953    xx            000 0 ger d</controlfield>
            <datafield tag="010" ind1=" " ind2=" ">
               <subfield code="a">a  53008581</subfield>
            </datafield>
            <datafield tag="035" ind1=" " ind2=" ">
               <subfield code="a">LIAS1736933</subfield>
            </datafield>
            <datafield tag="035" ind1=" " ind2=" ">
               <subfield code="a">(OCoLC)3484609</subfield>
            </datafield>
            <datafield tag="050" ind1="0" ind2="0">
               <subfield code="a">B485</subfield>
               <subfield code="b">.U4</subfield>
            </datafield>
            <datafield tag="100" ind1="1" ind2=" ">
               <subfield code="a">Ulmer, Karl.</subfield>
            </datafield>
            <datafield tag="245" ind1="1" ind2="0">
               <subfield code="a">Wahrheit, Kunst und Natur bei Aristoteles :</subfield>
               <subfield code="b">ein Beitrag zur Aufklärung der metaphysischen Herkunft der modernen Technik.</subfield>
            </datafield>
            <datafield tag="264" ind1=" " ind2="1">
               <subfield code="a">Tübingen :</subfield>
               <subfield code="b">M. Niemeyer,</subfield>
               <subfield code="c">1953.</subfield>
            </datafield>
            <datafield tag="300" ind1=" " ind2=" ">
               <subfield code="a">234 pages ;</subfield>
               <subfield code="c">24 cm</subfield>
            </datafield>
            <datafield tag="500" ind1=" " ind2=" ">
               <subfield code="a">&quot;Die vorliegende Untersuchung ... lag im Sommer 1944 der Philosophischen Fakultät der Universität Freiburg als Habilitationsschrift vor. Für die Veröffentlichung wurde sie ... neu ausgearbeitet.&quot;</subfield>
            </datafield>
            <datafield tag="600" ind1="0" ind2="0">
               <subfield code="a">Aristotle.</subfield>
            </datafield>
            <datafield tag="650" ind1=" " ind2="0">
               <subfield code="a">Art</subfield>
               <subfield code="x">Philosophy.</subfield>
            </datafield>
            <datafield tag="999" ind1=" " ind2=" ">
               <subfield code="a">B485.U4 1953</subfield>
               <subfield code="w">LC</subfield>
               <subfield code="c">1</subfield>
               <subfield code="i">000021645402</subfield>
               <subfield code="d">9/14/1994</subfield>
               <subfield code="e">2/2/1994</subfield>
               <subfield code="l">PATTEE-BA</subfield>
               <subfield code="m">UP-PAT</subfield>
               <subfield code="r">Y</subfield>
               <subfield code="s">Y</subfield>
               <subfield code="t">BOOK</subfield>
               <subfield code="u">4/13/2001</subfield>
            </datafield>
      </record>
    </metadata>
  </record>
 <resumptionToken completeListSize="3659139">38972_aacsd</resumptionToken>
 </ListRecords>
</OAI-PMH>

